1972 2688
841 158 954 207 »2213
1018 149 1212 210 )232(
1274 153 1390 204 &392⁴-

381 272 470 316 saiis
509 271 649 315 tartari
687 267 875 313 turbam,
927 269 1038 308 vnde
1074 267 1393 320 praecipitatum
1435 279 1548 310 mere
1592 267 1841 328 calcat-eum,

381 338 592 379 sexdoeim
647 335 825 374 omnino
879 344 1101 385 granorum
1158 333 1342 386 pondere
1396 334 1565 384 prodiit.
1642 333 1844 378 Attamen

379 403 541 453 reliqua
577 411 681 440 terra
717 411 812 438 cum
850 399 973 437 acidis
1012 397 1282 437 mineralibus
1317 396 1452 438 adhuc
1488 388 1703 449 efferbuit,
1740 398 1847 438 mul-

381 475 505 516 taque
539 472 658 503 aceto
709 462 851 504 addi'o
901 462 1039 503 omnis
1077 462 1204 502 (oluta
1239 461 1307 502 est.
1379 460 1487 503 Aliis
1523 473 1692 515 quoque
1738 462 1850 515 peri·
1884 508 1889 513 Ι

381 529 482 570 culis
537 527 640 568 mihi
694 528 862 579 quidem
917 535 1121 567 terrarum
1169 525 1517 580 primtgeniarum
1562 519 1733 579 analyfiss
1765 525 1846 568 hac

378 591 580 635 methodo
615 603 700 633 non
734 590 927 632 succeffit,

800 711 1111 791 Experime
1121 725 1279 772 ntum
1338 716 1426 774 16.

568 813 753 856 Terram
790 814 831 854 in
869 813 1092 867 Experim.
1119 814 1219 855 XV.
1256 827 1380 857 aceto
1431 829 1516 857 non
1564 813 1741 859 solutam
1776 810 1849 858 del

380 890 468 920 nuo
518 880 638 919 acido
690 878 776 919 salis
828 878 962 917 diluto
1012 879 1245 926 (olnebam,
1307 881 1374 919 cui
1437 881 1638 922 solutioni
1688 882 1846 923 tamdiu

380 954 501 984 caute
537 953 580 983 et
613 942 726 983 lente
759 941 949 983 instillaui
986 941 1127 981 oleum
1164 943 1354 990 vitrioli,
1406 944 1540 985 donec
1594 945 1848 986 seleniticam

381 1019 555 1047 omnem
592 1007 810 1047 materiam
846 1006 1115 1059 praecipitem
1153 1008 1347 1058 egissem,
1383 1011 1499 1049 cuius
1536 1007 1698 1049 ablutae
1743 1020 1854 1062 pon·

382 1072 456 1112 dus
491 1072 571 1111 fuit
603 1071 829 1112 drachmae
865 1078 907 1110 et
941 1070 1211 1122 quadraginta
1248 1072 1433 1122 quinque
1468 1084 1711 1123 granorum,
1776 1072 1849 1111 Li-

383 1147 493 1188 quor
526 1134 710 1187 reliquus
750 1133 871 1174 fimul
920 1146 1015 1174 cum
1068 1147 1175 1184 aqua
1225 1134 1436 1175 abluendo
1489 1133 1705 1174 selenitoso
1750 1135 1853 1175 sedi-

382 1210 534 1240 mento
592 1199 799 1246 adhibita,
850 1210 984 1251 pauco
1035 1198 1174 1240 addito
1223 1198 1302 1239 sale
1354 1198 1498 1238 tartari
1551 1200 1753 1238 saturatus
1807 1208 1851 1239 et

384 1263 682 1317 euaporatione
736 1261 977 1314 desiccatus,
1031 1276 1200 1316 magma
1251 1262 1428 1306 salinum
1464 1263 1730 1316 vigintiduo
1761 1273 1851 1315 gra-

382 1339 535 1369 norum
574 1326 862 1380 stippeditauit.

569 1463 665 1504 Hoc
711 1463 892 1515 denique
943 1475 1137 1516 magma,
1190 1475 1295 1515 aqua
1347 1463 1606 1512 resolutum,
1653 1463 1853 1505 tredecim

385 1539 511 1582 grana
557 1529 714 1579 reliqua
759 1529 881 1574 fecit,
933 1528 1151 1569 redimenti
1190 1527 1483 1575 flauescentis‚
1537 1527 1648 1578 quod
1698 1529 1852 1597 partim

385 1601 536 1632 tartaro
572 1590 787 1630 vitriolato
825 1591 1061 1643 constab1t3
1104 1591 1270 1632 alumen
1307 1605 1411 1633 vero
1444 1594 1488 1633 in
1522 1591 1729 1633 solutione
1762 1589 1855 1633 exi-

384 1655 476 1709 guis
513 1655 709 1708 crystallis
746 1654 970 1695 concreuit.

792 1776 1279 1855 Experimentum
1327 1792 1408 1849 17.

577 1883 610 1931 ξ.
651 1894 720 1923 10.
786 1880 1033 1934 Superfuere
1060 1895 1082 1920 a
1109 1882 1293 1923 recitatis
1331 1880 1630 1933 experimentis
1666 1890 1749 1924 tres
1785 1880 1855 1922 ad-

388 1948 467 1990 huc
504 1946 732 1987 drachmae
783 1945 930 1987 calculi
968 1944 1158 1994 Hamis,
1215 1959 1314 1999 quas
1354 1947 1573 1986 secundum
1626 1945 1851 1986 formulam

392 2009 543 2053 Gahm'i
578 2009 622 2064 ‘)
674 2010 871 2058 trastaui,
925 2020 969 2050 vt
1008 2009 1295 2063 phosphorum
1349 2019 1664 2062 extorquerem.
1735 2004 1853 2048 Solui

391 2080 579 2131 primum
634 2075 852 2115 materiam
901 2074 1043 2114 calculi
1088 2075 1130 2113 in
1184 2077 1307 2115 vncia
1349 2074 1452 2115 acidi
1505 2072 1669 2118 nitrosi,
1720 2068 1852 2107 tribus

1721 2144 1852 2183 aquae

443 2265 485 2311 .·>
515 2264 604 2299 Creli
632 2263 738 2301 Chem.
765 2264 915 2305 Journal,
941 2264 968 2302 I.
987 2277 1027 2312 p.
1057 2275 1110 2308 24.
