1972 2688
834 158 952 210 ·’ἓὲἐ
1014 127 1214 210 )2<50(
1272 150 1388 205 ’ἓῖίέν

390 271 571 333 perfecte
622 269 826 318 referens,
882 279 988 321 quae
1033 267 1177 321 prunis
1231 265 1384 309 iniecta
1434 260 1680 321 sulphureos
1726 266 1853 324 spirat

391 352 579 396 vapores.
648 335 789 377 Finito
823 344 954 386 opere
992 332 1034 371 in
1071 331 1201 372 fundo
1255 330 1393 385 reperi
1447 334 1612 375 massam
1667 334 1851 388 nigram,

391 401 690 459 ponderosam,
735 396 935 445 solidam,
987 395 1204 449 fragilem,
1256 407 1361 448 quae
1396 396 1438 436 in
1474 399 1569 438 a'e're
1604 397 1735 439 libero
1769 396 1854 439 leni

393 472 487 521 igne
521 463 707 503 funditur
741 462 782 502 in
822 461 978 502 vitrum
1014 460 1192 501 castanei
1225 459 1397 508 coloris,
1450 471 1492 500 et
1526 461 1592 503 dat
1638 458 1762 503 flores
1797 460 1857 501 31³

395 532 467 572 bos
505 528 630 570 instar
664 526 886 567 antimonii
925 525 1071 575 crudi3
1124 537 1145 563 a
1180 523 1326 565 salibus
1370 524 1493 566 acidis
1528 537 1611 565 non
1648 533 1855 574 mutatur,

393 595 442 635 ab
479 591 661 634 alcalinis
700 591 741 630 in
780 589 938 631 fusione
974 582 1138 642 figitur3
1173 588 1366 631 solutioni
1404 588 1499 629 ferri
1535 590 1576 630 in
1613 590 1732 630 acido
1767 584 1858 628 salis

393 659 603 712 admixta,
641 664 802 696 motum
829 654 941 707 quafi
978 653 1347 695 fermentatorium
1380 654 1592 708 concipit,
1626 663 1667 696 et
1699 654 1742 694 in
1778 662 1861 693 ter-

394 735 486 764 ram
522 719 657 762 albam
694 718 989 760 bezoardicam
1023 719 1214 763 vertitur.

843 845 1326 927 Experimentum
1374 868 1423 923 5.

586 967 766 1023 Spiritus
795 966 910 1009 Nitri
943 967 1107 1008 fumans
1143 969 1310 1009 modice
1343 980 1448 1021 aqua
1481 968 1660 1017 dilutus,
1696 975 1864 1017 quartae

398 1035 585 1089 portioni
641 1032 821 1080 infusus,
878 1040 1048 1073 motum
1084 1042 1125 1072 et
1160 1032 1343 1071 calorem
1396 1031 1592 1084 insignem
1647 1032 1866 1084 producit,

401 1112 522 1151 atque
558 1098 696 1137 fumos
733 1096 882 1136 rubros
918 1096 1117 1137 causticos
1151 1094 1450 1148 copiofiffimos
1487 1094 1664 1143 crustat,
1717 1093 1865 1146 quibus

402 1162 598 1203 omnibus
652 1159 894 1201 cessantibus
948 1170 1059 1200 terra
1103 1161 1152 1201 ad
1200 1159 1373 1198 fundum
1423 1156 1526 1198 vafis
1578 1157 1721 1197 colore
1772 1156 1869 1197 albo

404 1228 721 1279 praecipitatur,
775 1224 913 1277 liquor
951 1223 1150 1277 limpidus
1186 1224 1350 1269 euadit,
1406 1223 1479 1274 qui
1515 1222 1555 1260 in
1593 1219 1868 1262 destillatione

404 1290 538 1331 fundit
574 1289 758 1342 spiritum
797 1287 976 1332 acidum.
1036 1287 1177 1330 Terra
1212 1286 1261 1327 ab
1297 1286 1392 1339 igne
1427 1285 1469 1325 in
1505 1284 1709 1340 lapideam
1745 1284 1869 1326 indu-

401 1365 515 1395 ratur
551 1351 869 1393 consistentiam.

594 1474 754 1515 Similia
793 1473 1115 1527 phoenomena5
1145 1472 1285 1526 qualia
1320 1469 1631 1513 obseruauimus
1666 1470 1711 1510 in
1742 1469 1872 1516 ferro,

408 1539 504 1578 sistit
544 1537 764 1590 plumbum
803 1551 898 1578 cum
936 1536 1128 1590 sulphure
1166 1535 1413 1586 uastatum,
1447 1543 1696 1588 argumento
1732 1533 1870 1580 claro,

409 1601 510 1641 illud
550 1613 632 1641 non
672 1603 795 1642 modo
836 1602 957 1641 simili
994 1601 1228 1652 eodemque
1263 1612 1359 1641 cum
1403 1599 1517 1640 ferro
1562 1597 1738 1653 gaudere
1776 1599 1872 1637 ae're

412 1665 526 1714 fixo,
572 1665 636 1706 sed
685 1665 809 1717 longe
844 1665 1048 1704 maiorem
1085 1675 1253 1716 quoque
1293 1664 1379 1703 eius
1415 1665 1630 1703 continere
1662 1661 1877 1712 quantita-

412 1741 523 1777 tem,
558 1741 631 1784 per
666 1741 790 1781 qnam
826 1728 900 1769 lux
937 1727 1127 1769 flammae
1162 1724 1346 1767 vinidior
1379 1725 1448 1766 hic
1491 1725 1693 1766 redditur.
1761 1722 1877 1764 Stre-

413 1797 550 1846 pitus,
602 1794 671 1845 qui
708 1791 777 1833 sub
813 1792 1030 1846 eruptione
1063 1791 1256 1832 flammae
1291 1789 1557 1837 obstruatur,
1608 1787 1778 1828 videtur
1814 1788 1879 1825 in-

415 1859 573 1904 dicare,
629 1857 775 1897 arstius
813 1869 905 1896 eum
961 1868 1084 1908 quam
1137 1854 1269 1902 ferro,
1324 1852 1405 1893 bafi
1439 1853 1560 1895 huius
1597 1850 1755 1891 metalli
1786 1850 1880 1891 vni·

418 1931 530 1966 tum,
568 1920 797 1972 meliusque
832 1935 853 1959 a
891 1931 1037 1960 natura
1087 1920 1162 1960 effe
1217 1917 1454 1965 subaCtum,
1506 1916 1604 1958 inde
1640 1914 1746 1957 forte
1790 1926 1880 1955 rna-

416 1986 483 2024 ior
517 1983 690 2035 plumbo
735 1984 934 2025 mollities
986 1994 1110 2036 atque
1156 1981 1364 2023 fufibilitas
1400 1981 1467 2023 est.
1533 1980 1750 2021 Priuatum
1800 1987 1875 2028 per

419 2046 603 2099 Sulphur
638 2051 733 2086 a'c're
770 2047 883 2096 sum,
918 2048 1076 2089 amittit
1113 2046 1231 2086 simul
1265 2045 1336 2088 has
1370 2044 1609 2097 qualitates,
1642 2051 1684 2081 et
1716 2040 1758 2077 in
1794 2047 1880 2079 ter-

423 2122 534 2149 ream
573 2123 739 2162 apyram
780 2122 973 2152 mutatur
1008 2110 1292 2159 substantiam,
1345 2121 1446 2161 quae
1479 2108 1602 2150 solam
1646 2100 1878 2154 specificam

426 2174 511 2212 eius
536 2177 689 2215 retinet
724 2176 996 2228 grauitatem,
1032 2175 1282 2218 effentialem
1316 2182 1467 2223 nempe
1496 2165 1751 2209 metallicum
1785 2165 1880 2268 egga-

1743 2241 1790 2270 ra
1834 2239 1875 2266 e-
