1972 2688
825 96 941 148 ”3³ss
1005 91 1020 147 )
1063 91 1204 144 254(
1269 92 1382 143 &103⁰-

363 209 593 272 particulari
646 208 817 251 traciam
867 204 1081 246 mixtionis
1133 201 1382 245 differentias
1433 215 1709 262 exponerent3
1759 204 1835 249 alia

363 278 554 336 quamuis
589 273 796 316 occasione
825 271 974 327 paneis
1008 268 1144 311 verbis
1177 269 1237 309 rei
1269 267 1521 311 mentionem
1555 269 1772 312 iniecerint.

549 406 584 462 §.
618 419 656 449 2.
725 401 888 446 Notum
923 402 1002 452 est,
1054 406 1192 447 varios
1227 417 1396 447 naturae
1445 403 1704 461 scrutatores,
1754 415 1838 448 tam

365 472 631 527 antiquiores,
667 482 792 526 quam
826 469 1073 510 recentiores
1104 472 1487 512 transmutationem
1517 468 1837 527 quandam-cor-

364 550 530 594 porum,
582 533 844 576 metallorum
880 545 920 574 et
960 544 1159 575 terrarum
1189 535 1510 592 ,primitiuarum
1560 533 1747 587 asserere,
1798 543 1839 576 et

365 600 573 641 transitum
606 599 657 639 {ic
690 596 840 638 dit-*tum
875 598 997 639 vuius
1030 608 1162 640 terrae
1193 600 1232 640 in
1267 598 1454 653 alteram,
1503 597 1664 655 argillae
1712 599 1839 655 inpri-

363 667 441 706 mis
475 675 514 705 et
547 661 668 703 calcis
700 662 739 701 in
774 660 964 714 liliceam,
1015 673 1055 703 et
1090 663 1179 704 vice
1229 661 1360 715 versa,
1409 661 1676 717 contendere,
1724 660 1840 703 Mar-

363 742 498 779 mora,
550 740 654 782 quae
687 723 856 778 chalybe
890 723 1070 779 percufl'a
1103 725 1328 781 scintillant,
1381 725 1431 768 ad
1475 741 1619 771 eorum
1657 735 1840 767 mentem

364 792 403 831 in
437 788 521 846 ipso
557 803 681 845 opere
713 788 1020 829 transmutionis
1054 787 1298 846 deprehensa
1333 802 1373 832 et
1404 792 1445 832 in
1477 791 1588 833 biuio
1622 791 1726 832 inter
1757 787 1838 830 cal-

365 869 455 896 ccm
490 865 529 894 et
562 852 709 894 filicem
743 851 956 892 constituta
987 850 1084 893 sunt.
1148 852 1288 896 Huius
1324 853 1468 896 indolis
1502 855 1617 896 varia
1657 867 1837 895 marmo-

364 934 409 959 ra
444 918 601 974 imperii
650 915 775 957 roffici
827 913 933 968 sunt,
987 928 1163 970 quorum
1198 915 1290 958 ideo
1322 919 1548 959 accuratius
1582 932 1762 960 examen
1793 927 1841 959 Vt

365 982 613 1023 instituerem
647 994 777 1037 nuper
812 977 1047 1019 delidcrauit
1082 977 1271 1021 celeberr.
1305 980 1576 1025 Academicus
1601 981 1654 1022 D.
1673 982 1842 1034 Ferber,

365 1061 461 1086 cum
495 1045 559 1086 l'ua
594 1044 643 1085 de
679 1043 1082 1084 transnulrationibus
1128 1056 1350 1099 corporum
1399 1043 1674 1099 mineralium,
1727 1045 1837 1099 cogi-

366 1122 446 1151 tata
480 1123 573 1150 cum
608 1107 815 1149 aciulcmia
848 1108 988 1163 imper.
1015 1103 1286 1147 Scientiarum
1316 1107 1648 1148 communicaret.
1716 1106 1840 1161 (Aa.

367 1173 494 1216 Acad.
529 1172 693 1226 l’etrop.
715 1171 835 1213 Tom.
856 1169 904 1214 V.
933 1171 1011 1211 vol.
1030 1172 1079 1224 1.)
1148 1169 1192 1212 Si
1229 1171 1422 1211 nimirum
1457 1170 1642 1211 tranlitus
1674 1169 1841 1226 quidam

365 1249 495 1278 terrae
529 1236 732 1277 calcareae
771 1237 809 1275 in
845 1234 1015 1275 siliceum
1049 1249 1093 1275 re
1128 1233 1209 1291 ipsa
1242 1233 1379 1275 locum
1413 1233 1550 1289 habet,
1586 1231 1740 1276 necess'e
1774 1233 1842 1289 est,

366 1314 410 1344 vt
444 1315 651 1343 marmora
702 1299 804 1340 lianc
860 1300 1127 1340 mutationem
1180 1297 1385 1340 subeuntia
1433 1298 1502 1340 vel
1536 1297 1586 1339 ad
1632 1297 1843 1340 dimidium

367 1365 492 1423 palla,
527 1365 579 1405 ob
616 1362 791 1405 mediam
826 1362 933 1418 quali
969 1375 1155 1403 naturam
1204 1361 1475 1419 peculiaribus
1520 1363 1840 1420 'proprietatibus

367 1429 589 1487 gaudeant,
641 1443 745 1483 quac
795 1441 870 1468 ncc
903 1426 1086 1468 calc-arco
1136 1441 1259 1483 puro,
1311 1441 1386 1467 nec
1439 1425 1532 1467 filici
1582 1436 1841 1483 competunt3

368 1493 523 1536 ncccss'e
559 1493 614 1534 est
648 1506 691 1532 vr
726 1494 827 1533 inter
860 1490 896 1532 sc
929 1490 1152 1548 discrepent
1193 1491 1267 1532 hac
1300 1491 1568 1548 proprietates
1605 1504 1680 1547 pro
1713 1489 1841 1546 gradu

370 1556 526 1600 diuerso
560 1556 909 1597 transmutationis
946 1554 1037 1612 plus
1069 1557 1205 1597 minus
1256 1554 1467 1612 perfeciat,
1501 1553 1529 1596 fi
1561 1568 1661 1596 vero
1696 1553 1840 1595 ambae

370 1622 444 1663 bac
479 1634 609 1663 terrae
660 1621 699 1660 in
751 1619 851 1660 statu
903 1634 1007 1676 puro
1041 1631 1080 1659 et
1113 1620 1329 1660 immutato
1365 1634 1421 1661 ex
1456 1617 1531 1659 illis
1568 1618 1840 1659 marmoribus

368 1686 456 1728 clici
489 1698 529 1728 et
563 1683 733 1741 separari
766 1681 944 1740 poliunt,
995 1684 1097 1724 inter
1131 1681 1166 1723 se
1202 1693 1359 1724 tantum
1392 1683 1644 1723 commixtae
1679 1680 1842 1723 fuerunt

370 1765 408 1793 ct
441 1751 575 1792 omnis
610 1748 958 1793 transimimtionis
992 1746 1078 1788 idea
1113 1746 1248 1789 fitutia
1281 1760 1320 1788 et
1351 1761 1521 1788 erronea
1543 1747 1638 1801 [iure
1662 1746 1841 1788 habetur.

559 1877 686 1932 Quod
723 1877 876 1935 lapides
919 1876 1090 1921 calc-acci
1126 1890 1166 1921 et
1198 1891 1405 1920 marmora
1456 1878 1663 1919 variarum
1713 1876 1844 1933 regio-

372 1956 468 1983 num
506 1956 544 1983 ct
579 1944 781 1984 montium
816 1945 1069 2000 experientia
1104 1944 1217 1997 teste,
1253 1945 1359 1985 aeris
1395 1944 1548 1985 iniuriis
1584 1941 1732 1996 magis,
1767 1940 1840 1981 mi-

373 2020 503 2047 nusue
555 2007 754 2061 rciistunt,
809 2007 845 2049 icl
880 2023 899 2049 a
935 2007 1160 2050 dinei-litate
1210 2008 1421 2049 mixtionis
1457 2018 1497 2049 ct
1529 2007 1728 2048 intimiore
1778 1999 1843 2043 vel

373 2070 534 2111 laxiore
567 2073 744 2128 partium
778 2072 1032 2114 cohaerentia
1070 2084 1110 2115 et
1145 2085 1345 2129 compage
1394 2070 1510 2114 facile
1559 2067 1730 2110 deriuari
1769 2079 1843 2123 po-

374 2134 452 2173 rest.
524 2135 633 2178 Cum
670 2138 747 2176 iam
783 2135 964 2179 aedificia
998 2150 1236 2195 magnatum
1260 2135 1497 2189 Petroburgi
1532 2131 1682 2187 sepius,
1720 2143 1843 2233 qulagi

1750 2208 1799 2233 ai
1832 2207 1840 2232 1
