1972 2688
832 141 945 188 03³3ss
1009 134 1024 189 )
1063 145 1153 185 330
1188 132 1210 189 (,
1268 135 1402 205 ἓὶεὲαῂ

963 242 1266 303 SolutiO.

552 354 696 394 Primo
743 348 936 391 'constitui
987 348 1114 390 debet
1171 358 1287 390 certa
1330 347 1547 396 mensura,
1601 359 1682 401 qua
1739 356 1843 389 tem·

359 434 461 477 pora
513 417 657 458 metiri
716 413 990 455 voluerimus.
1062 412 1247 454 Vtamur
1289 413 1416 466 Igitur
1481 411 1594 453 hune
1632 414 1674 454 in
1717 409 1847 453 finem

365 496 485 525 motu
538 480 684 539 medio
744 478 845 519 solis·
891 487 932 518 et
993 478 1277 519 mensuremu5
1343 486 1504 528 ternpus
1564 476 1845 529 quodcunque

364 562 435 603 per
487 544 711 599 angulum,
761 554 850 597 quo
909 542 966 583 sol
1023 552 1139 582 motu
1192 542 1332 582 medio
1385 541 1544 580 interea
1579 540 1704 581 fuerit
1749 552 1846 593 pro-

366 623 516 655 motuS.
588 609 713 649 Hunc
752 615 890 646 autem
929 607 1125 661 angulum
1163 618 1245 646 nou
1297 619 1370 660 per
1404 605 1548 656 gradus
1587 614 1627 643 et
1664 605 1847 653 minuta,

364 680 430 719 led,
464 680 503 718 in
541 683 633 727 part
655 673 748 714 ibus
798 670 901 710 radii
953 670 1281 722 exprimamus-‚5
1318 670 1368 709 ita
1407 679 1450 707 vt
1492 678 1629 709 totum
1688 679 1850 720 tempus

367 739 623 795 periodicum
678 736 796 780 solis,
854 733 922 773 seu
976 734 1149 787 spatium
1203 732 1428 777 interuallo
1472 733 1568 772 anni
1606 731 1845 787 percursam

380 803 643 857 exprimatur
678 811 751 852 per
787 809 871 838 271·-

572 906 756 949 Denotet
790 918 970 961 porroc
1004 905 1237 950 distantiam
1295 908 1472 948 mediam
1525 907 1615 948 solis
1650 922 1672 948 a
1709 918 1845 954 terra,

377 977 433 1016 ita
471 985 515 1014 vt
551 987 644 1014 area
683 973 812 1012 totius
849 970 993 1011 circuli
1028 984 1047 1011 a
1086 969 1168 1009 sole
1203 970 1392 1021 descripti
1431 972 1476 1011 fit
1512 985 1706 1011 ἶπες.
1773 970 1847 1010 As-

379 1041 584 1081 sumimus
615 1038 732 1077 cuim
768 1037 837 1077 hic
877 1046 1033 1076 terram
1071 1034 1182 1074 circa
1215 1032 1340 1074 solem
1393 1036 1595 1076 circulum
1651 1034 1848 1080 deicribi‚

380 1109 496 1146 cuius
533 1101 662 1144 radius
695 1114 809 1150 ze,
863 1098 1204 1153 quandoquidem
1245 1097 1285 1136 in
1324 1097 1589 1151 temporibus
1624 1098 1849 1138 dimetien-

384 1170 445 1209 dis
483 1177 648 1210 motum
687 1164 886 1218 tanquam
924 1163 1108 1204 medium
1146 1162 1387 1215 spectamus.

195 1308 284 1346 Tm
310 1313 340 1345 V
579 1284 899 1327 Consideremus
936 1284 1017 1324 iam
1055 1282 1233 1325 orbitarn
1287 1278 1477 1333 planetae
1504 1276 1721 1327 'cuiusque
1771 1278 1859 1327 pri·

216 1363 283 1409 Fig.
310 1375 347 1405 4·
393 1354 514 1396 marii
569 1351 794 1405 ellipticam
846 1348 886 1391 A
906 1348 942 1388 D
964 1347 993 1387 F
1012 1347 1048 1389 G
1070 1347 1128 1397 B,
1179 1347 1296 1386 cuius
1357 1343 1548 1382 semiaxis
1602 1336 1854 1379 transuersus

387 1420 453 1459 seu
511 1419 644 1457 maior
679 1412 714 1454 C
738 1414 777 1454 A
799 1430 850 1455 z
871 1411 907 1453 C
926 1412 960 1455 B
979 1428 1028 1454 z
1048 1424 1073 1451 α
1123 1421 1165 1450 et
1216 1407 1501 1450 excentricitas
1546 1418 1600 1443 :1
1619 1417 1657 1451 ε,
1708 1403 1765 1441 ita
1811 1411 1857 1441 vt

386 1484 434 1524 fit
467 1482 659 1523 distantia
695 1477 792 1519 solis
828 1493 850 1518 a
884 1488 1029 1518 centro
1063 1474 1212 1530 ellipsis
1249 1471 1329 1514 CS
1350 1482 1501 1518 Ξεα,
1535 1467 1698 1518 eritque
1735 1466 1858 1506 serni-

387 1548 476 1587 axis
543 1541 795 1599 coniugatus
857 1539 893 1580 C
913 1540 952 1580 D
973 1555 1021 1581 ·;;
1043 1554 1066 1579 α
1086 1536 1175 1594 V(1
1201 1560 1238 1565 ——
1258 1551 1272 1577 ε
1292 1533 1333 1589 ε)
1392 1544 1434 1574 et
1497 1532 1829 1584 semiparameter
1845 1557 1858 1578 ,

384 1622 512 1663 quem
549 1619 755 1649 vocemus
791 1605 950 1646 εὖτ,
974 1612 1147 1657 zp-:a
1169 1602 1206 1656 (1
1230 1598 1374 1654 -εε).

580 1734 898 1777 Consideremus
953 1741 1078 1784 porro
1115 1727 1155 1767 in
1197 1724 1270 1764 hac
1307 1720 1443 1761 orbita
1495 1717 1678 1770 elliptica
1730 1712 1856 1752 sersto-

394 1815 482 1842 rem
521 1810 814 1852 quemcunque
853 1793 926 1835 FS
949 1791 1007 1843 G,
1040 1792 1153 1831 cuius
1189 1800 1276 1827 arca
1314 1786 1449 1830 ΞΔ,
1501 1781 1629 1833 sitque
1667 1786 1859 1828 tempus,

396 1879 479 1919 quo
517 1865 586 1904 iste
625 1864 752 1905 sector
787 1875 808 1899 a
846 1860 1009 1913 planeta
1044 1852 1290 1897 conficitur,
1345 1847 1473 1888 modo
1510 1845 1632 1897 supra
1675 1841 1857 1881 indicato

400 1929 721 1982 exprimendum
757 1926 860 1970 ΞΘ.
930 1923 1016 1962 lam
1053 1920 1149 1972 quia
1186 1914 1382 1954 nouimus
1417 1921 1603 1963 tempora
1641 1906 1744 1945 areis
1779 1903 1854 1944 effe

398 1992 756 2046 proportionalia,
792 1989 871 2028 crit
908 1988 947 2027 Θ
972 1998 1022 2025 z
1045 1996 1080 2023 m
1103 1986 1160 2030 Δ,
1197 1978 1398 2019 existente
1433 1987 1470 2013 m
1505 1970 1732 2025 quantitate
1768 1977 1856 2006 cer·

399 2068 437 2096 ta
472 2057 705 2101 constante,
742 2063 784 2092 et
822 2064 931 2091 nunc
960 2061 1022 2089 res
1048 2060 1099 2087 eo
1126 2046 1241 2089 redit,
1273 2052 1318 2081 vt
1353 2039 1453 2079 haec
1487 2035 1692 2092 quantitas
1715 2043 1750 2071 m
1773 2039 1854 2083 pro

399 2122 561 2161 ratione
598 2119 813 2162 mensurae
849 2125 1086 2168 temporum
1122 2111 1200 2152 rite
1236 2105 1472 2159 affignetur.

1767 2198 1858 2240 lam
