1972 2688
862 160 977 208 »²553
1042 153 1059 210 )
1096 157 1190 196 216
1223 151 1239 211 (
1271 155 1386 206 geg<-

389 282 470 325 gna
503 271 540 312 ei
576 272 698 323 copia
733 266 877 315 inesse,
928 278 1079 307 verum
1113 266 1235 308 fimul
1267 268 1325 309 ita
1361 266 1628 320 suppressam,
1678 267 1856 310 obuolu-

393 347 477 376 ram
517 346 557 375 et
595 334 721 373 salino
755 331 963 384 principio
999 331 1075 371 effe
1112 332 1345 380 subactam,
1398 340 1447 371 vt
1483 332 1525 370 in
1560 331 1776 372 flammam
1813 346 1856 373 e·

391 411 588 451 rumpere
623 405 664 435 et
700 394 922 446 qualitates
975 393 1214 438 substantiae
1267 398 1412 448 igneae
1452 407 1696 437 communes
1733 407 1858 437 mon-

390 464 514 503 strare
552 469 750 511 nequeat,
786 460 850 500 sed
889 459 997 511 quasi
1031 461 1229 501 calcinata
1266 470 1333 501 aut
1367 460 1410 500 in
1444 460 1856 501 terreo-calcaream

389 525 650 565 substantiam
687 524 886 563 conuersa
923 534 1114 575 appareat
1148 523 1222 578 *).
1291 523 1387 565 Hoc
1423 523 1659 576 phlogiston
1694 525 1736 564 in
1774 523 1862 563 At-

389 588 550 628 senico.
574 586 818 627 contentum
856 591 897 628 in
935 585 1054 626 causa
1089 588 1170 633 est,
1222 588 1335 640 quod
1372 586 1472 627 illud
1509 600 1590 628 non
1629 591 1671 629 in
1707 586 1863 640 reguli·-

389 666 438 692 nn
478 662 641 692 tantum
681 654 843 703 forma,
880 650 944 689 sed
984 651 1025 688 in
1062 651 1194 705 specie
1251 651 1370 691 calcis
1403 662 1567 703 quoque
1605 652 1726 691 facile
1762 662 1859 691 cum

389 717 588 757 omnibus
625 717 792 756 vniatur
828 713 1022 754 metallis.
1108 713 1267 757 Deinde
1299 714 1388 755 -dari
1426 715 1467 753 in
1506 715 1709 756 Arsenico
1744 715 1860 766 prin-

393 781 552 832 cipium
607 779 806 827 salinum,
853 789 894 819 et
933 778 1186 818 mixtionem
1239 781 1325 819 eius
1382 777 1644 819 essentialiter
1694 778 1857 818 acidum

390 845 624 898 quoddam,
679 854 875 893 tanquam
931 841 1188 895 principium
1243 843 1553 884 constitutiuum
1610 841 1860 893 secundum,

393 907 583 961 ingredi,
618 906 777 948 clarum
813 918 857 945 ac
880 905 1047 945 euidens
1072 904 1141 944 vel
1177 906 1274 945 inde
1308 904 1397 945 fieri
1434 906 1591 957 potest,
1622 906 1736 958 quod
1772 917 1864 944 rna-

393 974 512 1014 xima
545 974 586 1011 et
630 970 825 1011 omnibue
884 968 1131 1008 animalibus
1187 968 1329 1008 lethali
1380 969 1555 1019 gaudeat
1610 968 1861 1016 acrimonia,

392 1048 436 1078 et
471 1038 582 1089 quod
615 1035 738 1076 facile
769 1031 1205 1075 cristallino-salinam
1255 1032 1445 1084 suscipiat
1492 1031 1696 1084 figuram
1747 1032 1865 1072 deni-

394 1113 477 1153 que
513 1101 625 1152 quod
660 1099 834 1140 Nitrum
869 1098 1179 1150 decomponat,
1233 1104 1276 1134 et
1314 1095 1477 1134 acidum
1530 1095 1756 1147 nitrosum,
1809 1106 1864 1134 ex

396 1167 464 1206 sua
491 1163 578 1203 Basi
614 1163 821 1216 expellat,
857 1172 979 1214 atque
1012 1173 1107 1200 cum
1146 1172 1194 1200 ea
1227 1158 1409 1200 medium
1451 1158 1673 1198 constituat
1709 1156 1861 1202 Salem.

396 1229 514 1269 Haec
566 1240 694 1281 porro
735 1226 925 1267 Arsenici
962 1237 1057 1264 cum
1097 1224 1228 1264 Nitro
1283 1222 1498 1269 tractatio,
1551 1235 1624 1274 per
1659 1220 1863 1261 faetorem

400 1293 510 1333 acidi
562 1291 702 1331 nitrofi
756 1290 935 1337 indicat,
989 1289 1091 1328 oriri
1128 1289 1198 1329 hic
1234 1299 1288 1327 ex
1323 1279 1635 1327 cousbinatione
1688 1285 1862 1326 arrenici

400 1369 495 1397 cum
534 1354 625 1397 Bafi
665 1355 806 1400 Nitri,
843 1352 1020 1408 speciem
1059 1353 1241 1403 aliquam
1275 1351 1435 1404 hepatis
1471 1343 1698 1403 sulphuri5‚
1748 1352 1864 1390 cuius

398 1422 529 1462 odore
565 1430 606 1458 et
643 1419 848 1472 phlogisto
906 1416 1113 1456 metallico
1167 1415 1365 1462 inseetum
1416 1414 1578 1453 acidum
1634 1411 1867 1460 nitrosum,

398 1485 597 1524 faetidum
650 1494 691 1522 et
746 1492 968 1536 penetrans
1032 1492 1153 1534 atque
1203 1479 1341 1521 colore
1393 1477 1669 1517 caerulescens
1726 1476 1862 1513 reddi-

398 1559 479 1588 tur.
546 1545 613 1585 De
652 1546 732 1585 hoc
774 1544 971 1583 Arsenico
1025 1543 1158 1584 fixato
1211 1556 1282 1597 per
1327 1541 1523 1590 Nimim,
1577 1539 1738 1579 illustris
1777 1540 1867 1577 Pon

399 1613 441 1651 in
479 1610 759 1650 dissertatione
796 1608 846 1646 de
885 1607 1146 1658 sulphuribus
1185 1606 1450 1646 metallorum
1478 1602 1536 1656 *⁴‘)
1574 1602 1865 1655 prodit‚quod

399 1674 543 1716 onmia
579 1673 665 1714 fex-e
703 1670 892 1717 metalla,
924 1670 949 1709 si
988 1682 1082 1711 cum
1117 1683 1168 1710 co
1194 1679 1529 1714 caemententui·,
1565 1667 1718 1707 soluere
1757 1665 1867 1704 vale·

383 1750 466 1789 at,
495 1738 606 1790 quod
642 1737 785 1792 hepati
824 1734 1025 1788 sulphuris
1065 1733 1304 1774 communis
1342 1742 1508 1785 quoque
1543 1731 1765 1784 proprium
1801 1729 1866 1769 est.

1792 1856 1873 1896 His

415 1944 1874 1964 .-.-.-—...--—-————————————-——————·

454 2011 496 2054 ³³)
526 2005 713 2053 Phlogislon
754 2005 952 2040 metallicum
992 2017 1060 2038 uon
1102 2003 1143 2038 csl
1184 2015 1262 2049 pura
1290 2011 1319 2036 et
1345 2001 1548 2035 elementaiis
1586 2001 1718 2033 materia
1758 1999 1871 2041 ignea,

597 2065 649 2101 scd
678 2069 781 2113 potius
809 2067 851 2100 cil
879 2080 970 2106 vera,
997 2076 1029 2100 vt
1054 2067 1138 2100 redte
1159 2067 1334 2099 Bcccherus
1359 2063 1507 2112 appellat,
1533 2072 1613 2096 terra
1637 2056 1798 2105 phlogisto
1825 2057 1875 2090 ab·

600 2128 737 2168 ululans,
765 2129 865 2175 qualis
894 2131 926 2161 in
956 2128 1061 2162 scoriis
1089 2125 1247 2175 sulphuris
1275 2137 1305 2162 ct
1331 2127 1409 2161 oleis
1436 2121 1581 2170 expreffis
1607 2121 1754 2153 cernitur.

454 2196 517 2241 ⁰⁸)
545 2194 616 2229 Vid.
646 2192 856 2229 diss'crtatiom
897 2195 1100 2241 (llyiiiiques
1139 2193 1178 2228 de
1214 2196 1396 2233 Mr,1⁷ott,
1433 2186 1580 2222 traduites
1614 2185 1654 2220 de
1692 2183 1877 2222 l’allemand

599 2266 656 2300 par
686 2254 735 2288 Μ.
764 2253 948 2297 D.iiia[cliy
975 2252 992 2287 ’Ῑι
1020 2255 1103 2287 laris
1132 2254 1223 2294 1769.
1252 2253 1355 2284 Tou».
1381 2250 1405 2282 1.
1430 2257 1502 2293 pag.
1532 2255 1601 2287 107.
