1972 2688
899 174 1014 223 »2023
1080 168 1095 220 )
1134 173 1225 212 20⁶
1259 167 1275 225 (
1338 172 1453 224 eea-

629 284 940 338 Experimento
980 284 1117 338 primo
1152 283 1377 337 probatur,
1413 283 1577 327 acidum
1614 277 1790 330 Vitrioli
1825 296 1913 328 non

441 363 560 404 agere
595 349 745 391 diree'te
783 347 823 387 in
862 347 991 388 calces
1033 350 1263 390 metallicas
1319 362 1393 404 per
1449 349 1630 404 Sulphur
1665 350 1912 403 produchs,

439 417 502 457 scd
541 414 642 455 {olas
683 410 906 465 Sulphuris·
935 409 1096 454 Scorias
1133 415 1183 454 iis
1221 414 1488 455 adhaerentes
1540 413 1714 455 soluere.
1790 411 1911 455 Prae-

441 490 553 519 terea
604 476 699 517 inde
757 487 895 530 patet,
951 478 1137 518 colorem
1174 478 1401 531 genuinum
1438 476 1677 519 Wismuthi
1711 490 1788 532 per
1821 478 1914 522 Sul-

436 542 544 597 phur
580 553 665 582 non
698 540 874 593 destrui,
910 541 976 582 sed
1010 542 1146 583 solum
1184 542 1402 584 obfuscari.

626 668 807 710 Acidum
845 668 947 710 Salis
985 670 1339 722 quemadmodum
1374 685 1467 713 cum
1513 668 1766 714 Wismutho
1802 671 1914 727 ipso,

440 746 573 787 quum
609 746 758 787 nempe
793 733 984 774 admixto
1018 735 1057 773 ei
1093 736 1305 775 mercurio
1359 736 1579 778 sublimato
1613 736 1660 778 fit
1696 735 1913 778 destillatio

443 801 621 839 docente
659 796 806 837 Illustri
848 798 940 836 Pon
990 796 1052 851 e),
1106 798 1159 836 ita
1196 811 1291 838 cum
1331 796 1454 841 Calce
1490 813 1659 853 quoque
1694 802 1781 841 eius
1815 799 1914 838 facit

442 863 623 916 speciem
652 861 703 901 sic
728 858 1005 908 dictissmiri‚
1039 861 1150 913 quod
1189 874 1263 913 per
1296 863 1479 912 ferrum,
1520 862 1703 905 Zincum
1736 861 1915 904 etstan-

445 939 546 966 num
587 926 934 978 decomponitur3
986 923 1123 964 Terra
1158 925 1420 975 Wismuthi,
1457 940 1588 978 quum
1627 928 1726 968 haec
1764 925 1916 968 metal-

446 990 485 1030 la
523 1003 596 1044 per
631 990 795 1030 acidum
831 987 922 1027 salis
959 987 1198 1036 sohmntur,
1236 989 1405 1030 attrahit
1440 989 1509 1029 fibi
1545 1004 1599 1031 cx
1635 992 1683 1031 iis
1718 991 1917 1032 exhalan-

448 1065 531 1095 tem
584 1053 867 1109 phlogisticam
923 1053 1164 1102 materiam,
1222 1063 1262 1091 et
1298 1063 1432 1093 atrum
1470 1055 1565 1095 inde
1602 1065 1761 1093 :munit
1795 1055 1911 1096 colo-

449 1132 555 1159 rem.
623 1118 779 1158 Mirum
818 1116 871 1157 est
905 1115 1009 1162 hoc,
1050 1116 1160 1166 quod
1197 1126 1344 1156 verum
1382 1125 1480 1155 tunc
1516 1117 1686 1168 iulphur
1718 1118 1917 1159 constitu·

451 1194 519 1235 av,
550 1184 655 1224 vnde
691 1180 919 1226 concludo,
958 1179 1141 1220 Acidum
1174 1179 1460 1228 vitriolicum,
1489 1180 1750 1223 essentialiter
1783 1182 1819 1221 ei
1855 1182 1918 1222 iu-

451 1249 543 1288 esse.
608 1246 651 1287 Si
688 1244 867 1298 Sulphur
902 1243 984 1284 hoc
1020 1245 1113 1296 igue
1150 1243 1437 1290 comburitur,
1483 1254 1669 1284 nmanet
1704 1254 1814 1285 terra
1848 1257 1920 1286 ru-

452 1311 545 1364 bra,
586 1314 717 1357 iners,
767 1320 852 1348 non
888 1307 1066 1360 amplius
1105 1308 1325 1349 metallica.
1393 1307 1457 1347 En
1497 1320 1640 1349 veram
1683 1307 1918 1351 Wismuthi

452 1375 694 1427 Analyfim‚
726 1385 779 1414 ex
802 1384 883 1426 qua
909 1372 1011 1412 clare
1039 1383 1181 1413 natura
1206 1372 1326 1414 huius
1353 1372 1618 1414 semimetalli
1642 1372 1901 1427 perspicitur.

645 1502 722 1543 XI.
792 1499 918 1542 Nunc
973 1501 1235 1544 diiudicanda
1282 1502 1363 1542 iam
1405 1501 1524 1542 nobis
1574 1502 1694 1541 venit
1731 1499 1815 1554 ipsa
1848 1497 1920 1541 illa

456 1565 628 1605 flamma
664 1566 847 1612 clastica,
893 1577 993 1619 quae
1030 1579 1083 1607 cx
1123 1567 1303 1609 metallis
1338 1567 1582 1620 producitur
1617 1578 1689 1620 per
1723 1562 1919 1618 Sulphur.

457 1629 565 1671 Eam
593 1629 857 1684 sulphuream
884 1629 960 1668 effe
984 1629 1095 1677 dixi,
1122 1630 1185 1671 sed
1211 1635 1303 1672 a'e're
1328 1630 1417 1672 fixo
1450 1630 1714 1671 metallorum
1744 1628 1925 1682 imprae-

459 1705 655 1748 gnatam,
691 1694 805 1747 quod
840 1703 885 1732 vt
920 1692 1123 1747 probem,
1158 1697 1328 1747 sequens
1363 1695 1516 1735 institui
1552 1693 1920 1747 experimentum:

463 1760 617 1813 Recepi
653 1759 797 1801 Stauni
833 1757 1013 1810 vulgaris
1054 1758 1219 1799 Libram
1258 1759 1399 1807 lemis,
1438 1758 1527 1799 fuso
1564 1758 1694 1799 adieci
1721 1755 1919 1810 Sulphur‚

464 1836 504 1865 et
535 1823 741 1865 miscendo
770 1835 818 1862 ca
841 1821 1040 1876 Spathula
1076 1834 1201 1863 aenea
1225 1822 1382 1864 detinui
1419 1824 1459 1862 in
1498 1823 1618 1876 igne,
1653 1832 1784 1873 vsque
1820 1820 1922 1858 dum

466 1903 486 1928 e
527 1878 649 1930 masta
685 1885 896 1929 Scintillae
932 1887 1074 1939 igneae
1110 1886 1176 1926 hic
1216 1885 1271 1926 ibi
1309 1886 1475 1939 prodire
1511 1896 1764 1940 caeperunt3
1798 1879 1925 1923 effudi

467 1963 566 1993 tunc
604 1964 694 1992 eam
734 1953 851 2003 super
886 1947 1105 1992 Laminam
1151 1947 1361 2003 Cupream
1414 1952 1634 2004 frigidam,
1687 1944 1924 2001 superieffis

468 2030 548 2070 que
571 2017 697 2056 variis
721 2015 1020 2056 Linteamcntis
1058 2016 1220 2056 exunxi
1259 2015 1427 2069 sulphur
1460 2026 1500 2056 et
1536 2013 1726 2068 suppreffi
1763 2011 1817 2047 ita
1852 2008 1924 2047 de-

471 2082 757 2132 tonationem·²
805 2080 898 2120 dein
933 2081 1241 2121 comminutam
1280 2081 1322 2119 in
1357 2079 1592 2130 Mortario,
1626 2077 1827 2114 Retortae
1862 2071 1924 2109 in·

1837 2131 1924 2197 diflli

515 2256 555 2302 ε)
578 2255 622 2289 In
647 2251 762 2289 differt.
789 2251 842 2288 sua
870 2252 910 2288 dc
937 2255 1140 2289 Wismutho.
1886 2243 1888 2264 ἰ
