1972 2688
528 169 639 219 ·>30’.{
704 165 718 222 )
756 177 840 218 25‘5
879 165 893 224 (
957 168 1069 219 ἓζεέυ·

69 281 161 325 alibi
195 279 326 322 forsan
359 293 385 321 e
415 292 619 322 marmore
649 281 953 334 construantur,
981 289 1022 321 et
1054 291 1137 320 non
1169 276 1347 319 obstante
1381 276 1519 318 clima-

71 358 132 400 te,
166 355 249 387 tam
281 343 427 401 frigore
460 358 583 401 quam
614 344 888 402 atmosphaere
939 342 1171 384 humiditate
1218 341 1312 383 fatis,
1354 339 1443 382 rudi
1473 355 1523 381 ac

69 407 216 465 rigido,
248 423 321 465 per
354 410 555 464 integrum
590 408 830 450 decennium
862 419 901 448 et
941 406 1063 462 vltra,
1111 404 1264 447 nullam
1308 406 1521 446 marmoris

70 474 152 513 a'e'ri
187 472 359 527 expositi
391 473 665 514 corrosionem
697 483 765 513 aut
800 472 938 513 tabem
966 470 1205 524 monstrent,
1253 469 1330 510 hoc
1362 482 1525 525 quoque

71 535 250 593 respectu
283 550 487 580 marmora
518 534 584 577 illa
615 537 834 577 attentione
869 533 989 591 digna
1023 533 1118 575 sunt.
1330 546 1334 547 ⁷

257 657 294 713 Β.
329 670 363 711 3.
430 656 637 700 Marmora
668 674 692 700 a
725 674 791 701 me
838 660 1084 711 examinata,
1135 669 1238 712 quae
1287 653 1528 710 Petroburgi

70 722 339 762 communiter
371 722 412 762 in
445 720 559 762 vsum
591 734 805 774 vocantur,
848 722 995 777 partim
1015 721 1204 774 filn'rica,
1256 720 1400 774 partim
1434 718 1527 773 fen-

71 787 209 826 nonii-a
242 782 338 826 svnt.
403 783 473 826 Illa
507 802 530 826 e
562 787 656 841 iugo
691 784 1054 838 Catharinenburgi
1088 782 1268 826 Vralenfi
1312 780 1525 822 desumun-

71 858 156 901 tur,
189 847 231 887 in
264 849 472 889 itinerariis
505 848 826 890 academicorum
860 845 1116 903 quorundam
1164 844 1374 901 descripta3
1427 843 1524 884 haec

68 921 204 951 autem
238 923 261 949 e
306 910 512 952 Finlandia
567 909 839 964 aduehuntur‚
890 911 959 951 vbi
1007 911 1286 965 promontoria
1343 907 1523 948 calcarea

67 972 230 1029 plagam
264 971 611 1030 septentrionalem
645 974 804 1015 lacuum
838 973 1009 1028 Onegae
1044 985 1084 1013 et
1116 971 1308 1027 Ladogae
1341 971 1523 1012 ambiunt

69 1047 109 1076 et
146 1038 187 1077 in
221 1035 353 1078 insulis
406 1036 609 1078 nonnullis
658 1036 802 1076 horum
851 1035 1013 1077 lacuum
1046 1038 1086 1076 in
1119 1034 1377 1091 conspectum
1408 1035 1524 1075 veni-

66 1111 159 1153 unt,
193 1099 410 1154 multisque
445 1098 664 1154 lapicidinis
716 1112 976 1141 excauantur.
1040 1097 1201 1140 Indoles
1251 1098 1366 1138 huius
1414 1111 1521 1137 mar-

67 1163 193 1203 moris
227 1161 407 1201 calcareo
442 1160 608 1216 rupestri
643 1161 775 1202 fimilis
812 1162 884 1216 est,
916 1160 1078 1218 qualem
1111 1173 1271 1203 montes
1302 1158 1520 1202 secundarii

67 1225 323 1276 vetustiores,
377 1224 446 1279 qui
494 1237 620 1264 venas
669 1224 886 1266 metallicas
937 1224 1138 1265 interdum
1182 1223 1340 1277 fouent,
1391 1223 1521 1263 conti-

68 1300 164 1326 nere
198 1284 336 1327 solent.v
398 1285 629 1328 Petrefaffis
664 1298 772 1328 caret
805 1299 844 1328 et
876 1288 1003 1329 straus
1039 1287 1201 1344 amplis,
1236 1301 1310 1327 nec
1346 1285 1520 1327 fiffilibus

68 1351 344 1405 componitur,
395 1363 519 1405 quare
552 1349 773 1405 fragmenta
808 1349 946 1391 saxosa
998 1352 1161 1392 maioris
1196 1349 1313 1390 molis
1348 1363 1423 1405 pro
1456 1348 1519 1390 lu-

67 1412 151 1452 bitu
182 1413 234 1452 ibi
270 1411 392 1452 effodi
440 1411 598 1467 possunt
631 1425 669 1454 et
704 1428 746 1454 re
780 1412 858 1470 ipsa
893 1412 1148 1455 effodiuntur.
1211 1412 1280 1453 Est
1314 1423 1522 1468 praeterea

66 1475 298 1528 marmoris,
348 1473 413 1516 vel
453 1475 593 1532 lapidis
642 1478 775 1532 potius
827 1476 994 1518 calcarei
1044 1475 1232 1529 durioris,
1282 1489 1429 1531 genus,
1479 1477 1521 1515 in

67 1536 167 1578 colle
193 1536 354 1578 stratoso
389 1539 439 1580 ad
474 1541 716 1593 Putilouam,
750 1541 854 1582 circa
888 1536 1052 1581 Nafiam
1085 1551 1124 1581 et
1156 1538 1368 1594 Ladogam
1402 1552 1519 1594 repe-

65 1600 273 1655 riurtdum,
324 1601 432 1657 quod
466 1616 631 1660 propter
663 1604 850 1645 viciniam
891 1602 987 1657 loci,
1039 1603 1330 1644 diuturniorem
1381 1612 1519 1657 petrae

66 1663 321 1704 resistentiam
354 1665 418 1706 vel
453 1666 705 1707 durationem
740 1680 778 1707 et
811 1666 968 1708 facilem
1003 1668 1336 1718 excauationem,
1378 1664 1517 1704 Petro-

66 1725 242 1781 burgum
275 1741 420 1783 magna
454 1731 567 1785 copia
604 1729 780 1770 adfertur
803 1743 842 1770 et
872 1734 912 1771 in
935 1729 1049 1771 vsum
1081 1730 1256 1770 trahitur.
1320 1727 1441 1767 Hanc
1464 1726 1517 1766 ob

66 1788 223 1828 causam
256 1803 295 1830 et
327 1803 371 1831 vt
405 1794 630 1846 comparari
664 1792 806 1832 melius
841 1803 989 1847 queant
1028 1805 1231 1832 marmora
1264 1789 1423 1830 Roffiae
1458 1789 1521 1829 in·

68 1849 215 1904 digena
244 1852 346 1892 inter
378 1852 415 1893 se
449 1856 645 1907 inuicem²
678 1854 794 1895 huius
829 1869 990 1912 quoque
1026 1868 1201 1895 examen
1235 1852 1390 1893 institui.

253 1986 441 2044 Analyfis
477 1991 661 2031 omnium
692 2005 739 2032 ac
773 1991 1017 2046 singulorum
1066 1988 1211 2030 eodem
1261 1988 1344 2029 fere
1394 1987 1517 2028 modo

67 2050 226 2105 peracta
259 2053 332 2105 est,
367 2068 491 2108 quare
522 2068 650 2094 vnum
686 2053 872 2109 idemque
920 2055 1246 2110 experimentum
1297 2050 1413 2093 semel
1447 2050 1516 2091 de-

66 2111 246 2168 scripliffe
279 2115 459 2171 sufficiat,
496 2117 668 2159 breuiter
702 2119 741 2159 in
778 2117 1027 2173 sequentibus
1073 2115 1302 2167 indicando,
1353 2115 1418 2155 vbi
1454 2128 1518 2154 re-

66 2177 235 2231 petitum
265 2178 392 2224 suerit.
459 2181 532 2224 Me
557 2195 693 2224 autem
726 2182 856 2236 omni,
891 2195 970 2238 qua
1002 2195 1075 2239 par
1107 2179 1162 2222 est
1194 2178 1346 2220 solertia
1380 2190 1419 2218 et
1450 2192 1516 2218 ac-

1398 2254 1513 2282 CUl‘a-
