1972 2688
834 127 950 178 „geg
1014 121 1030 177 )
1068 136 1155 163 2212
1193 120 1207 176 (
1273 122 1386 174 ἔξω.

380 237 506 294 paulo
524 237 647 280 fixius
668 234 915 276 Arsenicum
935 233 983 273 ab
1001 247 1051 276 eo
1069 234 1186 276 reddi
1205 235 1381 277 videtur.
1421 229 1531 275 Cum
1552 232 1838 280 Bitumi-nibus‘

382 303 523 351 variis,
559 301 747 343 adiuncta
774 296 916 349 argilla
934 298 1068 348 fimul,
1088 298 1336 340 destillatum
1362 295 1606 348 arsenicum,
1628 299 1841 343 sublimari

378 367 484 407 solet
516 365 648 417 figura
679 360 891 402 cristalli-ua
912 391 924 412 ‚
974 362 1119 403 colore
1155 363 1276 404 instar
1306 363 1527 405 diamantis
1564 361 1647 402 fere
1679 363 1838 405 ludens.

380 428 493 471 Cum
531 425 687 480 Lapide
721 425 897 466 caustico
933 426 1116 467 mixtum
1156 426 1272 467 facile
1307 425 1479 466 soluitur
1503 426 1766 475 Arsenicum,
1796 436 1842 466 et

377 494 407 535 fi
444 490 598 532 solutio
631 489 703 530 illa
740 500 845 541 aqua
879 488 1074 539 diluatur,
1110 502 1182 543 per
1219 502 1383 532 moram
1421 489 1596 543 aliquam
1621 491 1840 543 temporis,

378 558 420 597 in
452 565 624 608 vgrumos
661 551 770 605 cogi,
809 562 851 592 et
886 554 1157 606 praecipitari
1179 555 1227 594 ad
1247 554 1423 596 fundum
1445 554 1547 595 vasis
1573 554 1840 606 obseruatum

377 621 550 663 odorem
585 626 722 659 autem
758 614 907 657 solutio
943 618 1106 658 nullum
1144 618 1231 659 fere
1267 616 1449 673 praebet.

565 743 810 796 Synthetica
854 744 995 796 itaque
1034 746 1218 796 denique
1255 744 1457 788 methodo
1492 755 1681 787 naturam
1717 745 1840 789 Arse-

377 805 463 846 nici
501 805 658 849 imitari
696 817 869 849 conatus
906 810 1009 849 sum.
1079 807 1171 848 Post
1209 809 1391 860 plurima
1427 811 1622 850 incassum
1661 821 1838 861 tentata,

377 869 499 910 sumfi
551 872 700 912 deinde
746 871 1013 912 Mercurium
1064 864 1329 911 sublimatum
1375 872 1665 922 corrofiuum',
1718 885 1843 927 atque

379 942 464 974 tres
499 935 585 976 eius
623 944 760 989 partes
795 948 892 976 cum
927 935 1112 987 quinque
1150 933 1335 987 par-tibus
1371 936 1515 989 lapidis
1540 933 1857 992 causticiprae-'

377 997 550 1050 cipitaui
598 999 705 1041 ficco
740 1000 894 1051 modo·,
935 998 1065 1038 infudi
1098 998 1244 1039 deiude
1280 999 1438 1051 aliquot
1472 1010 1607 1052 gattas
1641 1001 1724 1040 olei
1761 1000 1843 1041 Vi-

379 1062 510 1110 trioli,
546 1063 658 1116 quod
695 1062 1052 1105 efferuescentiam
1091 1061 1308 1114 produxit,
1343 1071 1383 1101 et
1406 1064 1606 1104 excitauit
1637 1075 1841 1117 vaporem

379 1125 560 1178 aliquem
594 1127 748 1179 album,
794 1128 865 1180 qui
899 1136 1040 1167 tamen
1079 1138 1184 1167 mox
1219 1125 1372 1164 iterum
1409 1125 1659 1175 densabatur,
1695 1136 1736 1167 et
1771 1127 1844 1168 de-

377 1188 592 1232 scendebat
645 1193 692 1232 ad
747 1200 928 1242 terram;
989 1190 1166 1243 denique
1201 1189 1250 1231 ad
1286 1189 1579 1230 saturationem
1617 1201 1746 1242 vsque
1781 1191 1844 1231 in-

379 1252 530 1295 stillato
567 1258 685 1297 acido
721 1255 948 1304 vitriolieo‚
984 1254 1110 1295 faetus
1144 1254 1198 1294 est
1232 1254 1354 1306 super
1388 1263 1546 1295 terram
1569 1253 1710 1306 liquor
1730 1253 1845 1298 Mer·

381 1320 567 1369 curialis,
603 1319 689 1373 qui,
726 1319 754 1359 s1
786 1318 932 1370 frigori
969 1319 1213 1372 exponitur,
1249 1318 1290 1356 in
1329 1326 1475 1358 tenues
1498 1317 1713 1373 capillares
1740 1319 1847 1372 pris-

381 1384 551 1424 maticas
587 1383 812 1424 concrescit
848 1382 1075 1433 cristallo-23
1126 1382 1153 1422 fi
1190 1393 1291 1423 vero
1324 1381 1434 1422 ferro
1470 1382 1537 1422 vel
1574 1383 1710 1436 potius
1749 1382 1850 1423 cha-

377 1444 452 1486 libi
486 1447 622 1500 polito
655 1445 885 1497 instillatur,
922 1447 1004 1499 agit
1027 1447 1068 1485 in
1091 1448 1260 1487 modum
1285 1444 1529 1494 Aeniorum,
1565 1447 1678 1487 rodit
1701 1446 1846 1486 mctal-

377 1509 480 1560 lum,
511 1522 554 1551 et
576 1511 750 1552 odorem
775 1519 957 1557 tenuem,
979 1520 1266 1563 penetrantem
1290 1508 1506 1549 alliaceum
1528 1510 1694 1562 spargit,
1718 1518 1844 1560 atque

382 1573 555 1614 metallo
591 1573 803 1613 maculam
841 1572 1085 1625 singularem
1124 1574 1256 1615 albam
1293 1573 1529 1627 imprimit,
1580 1572 1691 1624 quod
1725 1571 1846 1611 infal-

382 1636 495 1678 libile
529 1637 689 1690 signum
726 1635 782 1674 est
823 1636 1010 1688 produfii
1048 1635 1250 1677 Arsenici.
1317 1634 1384 1676 Fit
1419 1639 1559 1689 itaque
1593 1635 1675 1675 hoc
1716 1647 1847 1688 expe-

384 1701 570 1741 ximcnto
604 1700 760 1754 species
794 1698 984 1740 Arsenici
1022 1700 1188 1751 Liquidi
1225 1697 1465 1747 artifici-³115,
1501 1699 1613 1751 quod
1648 1698 1842 1739 omnibus

384 1765 578 1806 naturalis
631 1764 818 1804 Arsenici
855 1764 1003 1815 gaudet
1035 1764 1301 1814 qualitatibus
1325 1792 1335 1807 ,
1386 1773 1562 1816 excepta
1599 1763 1677 1804 sola
1711 1762 1841 1802 confi-

381 1829 534 1870 stentia.
603 1828 680 1868 Per
734 1826 939 1867 actionem
993 1825 1114 1865 Acidi
1163 1826 1378 1868 Vitriolici
1426 1828 1465 1865 in
1505 1836 1659 1866 terram
1697 1825 1843 1879 lapidis

384 1893 575 1938 caustici‚
621 1891 862 1931 Mercurius
900 1891 1191 1943 praecipitatus
1229 1903 1325 1930 cum
1361 1890 1500 1931 Acido
1534 1889 1663 1930 salino
1698 1902 1720 1929 e
1754 1887 1846 1930 Bafl

388 1958 454 1995 sua
491 1966 623 1995 terrea
658 1953 886 2008 expellitur
923 1965 964 1994 et
999 1954 1282 2003 resuscitatur,
1352 1965 1476 2007 atque
1512 1955 1554 1993 in
1590 1954 1726 1996 forma
1759 1952 1846 1992 Va·

385 2019 501 2070 poris
552 2019 634 2058 albi
695 2018 857 2057 humidi
895 2018 1118 2069 ele-natur,
1171 2019 1317 2071 sponte
1375 2031 1447 2070 per
1483 2018 1519 2057 se
1555 2015 1766 2058 densabilis
1803 2015 1844 2051 in

390 2082 615 2135 Liquotcm
649 2092 841 2135 aqueum.
934 2082 1137 2137 Spiritum
1183 2082 1308 2124 Acidi
1351 2081 1597 2129 Vitriolici,
1654 2076 1751 2123 vel,
1806 2087 1851 2116 vt

1692 2140 1840 2181 rcellus
