1972 2688
588 146 703 198 »223ss
765 139 960 205 lm(
1023 138 1137 198 &34³⁴-

585 254 1061 338 Experimentum
1104 275 1169 341 4.

324 344 461 387 Prima
495 343 642 386 infufio
679 346 829 398 aquosa
883 346 1161 399 experimenti
1214 342 1376 387 secundi
1431 343 1590 388 acidum

136 407 321 460 saporem
358 418 401 449 et
449 408 634 448 indolem
685 417 855 459 quoque
909 405 1071 447 acidam
1118 420 1193 462 per
1235 408 1445 462 reagentia
1494 422 1594 465 pro-

136 472 252 512 didit.

319 594 389 635 Ex
424 600 579 635 retorta
632 591 740 634 lente
774 590 1014 633 destinando
1050 590 1249 643 phlegma
1284 603 1438 644 purum
1475 601 1591 636 tran-

134 658 221 708 fiit;
252 658 508 698 remanentia
539 668 642 696 vero
686 659 806 698 vuius
843 656 987 696 vnciae
1022 652 1460 696 fiauescenti-turbida
1491 659 1593 707 fuit,

135 732 319 764 attamen
354 721 397 761 in
428 720 542 762 filtro
567 718 669 761 nihil
702 719 814 773 quod
847 716 1028 758 libellam
1065 727 1284 768 moueret,
1317 717 1590 773 relinquebat.

323 845 499 890 Gustum
536 844 742 886 afficiebat
774 843 855 885 hoc
906 843 1108 885 residuum
1160 842 1302 897 sapore
1338 844 1489 895 salino,
1539 853 1583 887 et

134 909 325 954 chartam
359 911 589 953 caeruleam
624 909 781 950 intense
814 906 942 950 rubro
975 908 1161 961 tingebat
1192 907 1342 950 colore.

315 1017 476 1074 Spiritu
525 1018 616 1060 salis
666 1014 894 1058 armoni-aci
946 1027 1042 1056 cum
1104 1014 1184 1056 sale
1249 1018 1393 1061 tartari
1440 1028 1587 1076 parato

132 1082 333 1126 nubecula
366 1082 641 1131 excitabatur,
677 1080 828 1133 absque
863 1077 1185 1122 efferuescentia.

319 1197 483 1240 Solutio
532 1197 622 1239 salis
674 1196 829 1249 tartari,
879 1196 969 1253 post
1022 1195 1376 1240 efferuescentiam
1424 1196 1586 1250 leuem,

134 1261 270 1306 album
304 1263 453 1304 deiecit
485 1262 772 1304 sedimentum.

319 1365 482 1410 Solutio
529 1366 685 1409 sachari
737 1366 891 1409 saturni
943 1367 1099 1424 pariter
1156 1366 1296 1410 album
1353 1367 1580 1423 puluerem

131 1431 294 1488 copiose
328 1431 632 1486 praecipitauit.

316 1552 438 1596 Nihil
472 1562 608 1596 autem
641 1554 684 1596 in
717 1552 1002 1611 pelluciditate
1037 1557 1216 1601 mutauit
1249 1555 1403 1600 solutio
1438 1568 1584 1614 argen-

125 1615 163 1659 ti
197 1617 240 1659 in
274 1618 392 1659 acido
428 1618 539 1659 nitri.

310 1726 425 1773 Cum
458 1730 555 1772 oleo
586 1729 747 1772 vitrioli
798 1729 1052 1786 aliquantum
1101 1731 1278 1774 selenitiS
1313 1712 1564 1773 nascebatur.

316 1835 402 1878 Sub
437 1839 732 1891 euaporatione
769 1839 943 1893 liquoris
978 1842 1026 1882 ad
1060 1841 1287 1882 ficcitatem
1323 1848 1478 1893 vsque‘,
1507 1851 1582 1881 va-

129 1908 249 1949 pores
289 1898 450 1942 chartas
501 1901 705 1942 coloratas
757 1904 956 1958 suspensas
1009 1905 1184 1945 omnino
1220 1915 1304 1943 non
1341 1914 1581 1955 mutarunt3

128 1960 328 2013 superfuit
379 1963 433 2003 sal
484 1964 633 2005 ficcum
684 1968 866 2017 pondere
902 1966 1158 2020 septuaginta
1194 1968 1378 2021 quinque
1427 1979 1579 2021 grano-

127 2035 249 2073 rum,
299 2027 411 2077 quod
463 2039 569 2080 aqua
618 2027 810 2071 destillata
855 2029 994 2072 denuo
1026 2030 1208 2074 solutum
1244 2043 1329 2074 non
1361 2031 1502 2086 potuit
1534 2030 1580 2072 in

129 2086 368 2141 chrystallos
402 2090 551 2145 redigi.

818 2217 944 2262 an
1494 2223 1579 2268 Sub
