1972 2688
468 184 471 185 γ
539 127 654 180 ’·>ἓ<ἑὲ
719 119 914 184 )·2>81(
974 126 1087 177 &3ss-

77 233 1525 307 ᾢᾶπὲἓῧΰᾶῧξέἳῇῦέπᾶὃπᾶἓῷέἓῠὲὣδῷῄ

137 360 341 435 DET
344 356 795 429 ERMINAT
798 358 898 429 10
963 357 1464 444 ERRORVM,

76 474 184 543 QVI
240 472 316 526 ΙΝ
369 471 886 527 LONGITVDINES
937 471 1026 521 ET
1070 471 1529 535 LATITVDINES

675 567 928 605 ALICVIVS

467 647 530 719 C
564 646 631 716 O
664 647 739 717 M
772 649 831 718 E
864 649 939 716 T
967 651 1038 717 A
1070 647 1129 715 E

279 759 792 812 GEOCENTRICAS
849 759 1325 822 INDVCVNTVR‚

154 858 237 902 EX
271 860 598 906 COMMISSIS
633 857 966 901 ERRORIBVS
1004 860 1069 902 IN
1103 860 1446 905 ELEMENTIS

599 952 640 996 O
658 953 693 994 R
712 954 746 994 Β
766 954 784 993 I
803 953 843 992 T
865 951 905 992 A
930 953 986 994 E.

673 1058 922 1099 Auctore

537 1151 587 1195 A.
637 1150 685 1207 J.
735 1151 1056 1196 LEXELL.

739 1386 773 1434 §-
815 1397 851 1425 1.

69 1473 368 1583 Disquifitio
402 1478 451 1518 de
489 1476 722 1525 erroribus,
776 1480 845 1532 qui
881 1477 919 1517 in
956 1475 1262 1530 Longitudines
1296 1479 1365 1519 vel
1410 1480 1521 1522 Lati-

202 1546 355 1584 tudines
393 1541 561 1582 alicuius
596 1539 797 1584 Cometae
834 1539 1126 1582 Geocentricas
1163 1542 1427 1591 dei-inantus,
1463 1556 1517 1584 ex

72 1607 292 1659 commistis
331 1606 540 1646 erroribus
577 1606 617 1643 in
654 1605 994 1646 determinatione
1032 1605 1354 1646 Elementorum
1404 1607 1515 1647 istius

73 1668 300 1714 cometae,
352 1681 440 1708 eam
477 1669 692 1722 praecipue
737 1668 859 1709 habet
895 1669 1141 1716 militatem,
1192 1678 1238 1706 vt
1275 1670 1368 1707 inde
1406 1669 1517 1708 diiu-

70 1734 196 1773 dicari
232 1742 381 1784 queat,
417 1733 557 1783 quales
594 1732 814 1784 praecipue
851 1730 1155 1772 obseruationes
1193 1731 1287 1782 eligi
1324 1731 1511 1779 debeant,

71 1809 123 1835 ex
160 1796 303 1846 quibus
340 1796 497 1832 summa
530 1807 623 1834 cum
658 1795 961 1843 exmitudine,
1005 1794 1157 1832 horum
1195 1792 1511 1833 Elementorum

69 1859 231 1898 vaiores
266 1857 354 1894 erui
387 1866 550 1906 queant.
621 1857 728 1896 Nam
766 1857 793 1894 fi
835 1865 1096 1907 compertum
1144 1854 1266 1894 fuerit
1320 1869 1509 1897 errorem

68 1922 110 1962 in
148 1918 426 1969 Longitudine
461 1916 575 1956 Nodi
609 1919 873 1958 commissum
914 1921 953 1958 in
993 1918 1270 1968 Longitndine
1309 1917 1511 1960 cometae

73 1982 343 2024 Gcocentriea
379 1979 573 2032 insignem
613 1983 883 2021 mutationem
921 1980 1170 2034 producere3
1209 1982 1374 2022 vicissim
1413 1995 1515 2033 quo-

72 2059 150 2101 que
184 2043 370 2083 concludi
409 2044 541 2096 potest
577 2056 761 2082 errorem
800 2043 1034 2084 obseruatae
1072 2043 1362 2095 Longittidinis
1399 2044 1513 2085 Geo-

72 2108 276 2149 ccntricae
330 2107 522 2157 exiguam
573 2109 852 2147 mutationem
886 2108 928 2147 in
963 2107 1234 2157 Longitudine
1267 2108 1378 2148 Nodi
1419 2121 1514 2160 pro-

74 2172 167 2216 Λὶἰα
184 2166 304 2211 Acad.
322 2168 418 2223 Imp.
435 2169 503 2211 Sc.
522 2169 630 2211 Tom.
648 2169 708 2211 VI.
724 2173 767 2215 P.
786 2169 818 2211 1.
1057 2168 1098 2208 Ν
1135 2183 1162 2210 n
1360 2171 1510 2213 ducere
