1972 2688
527 170 639 222 »2233
700 165 716 225 )
755 181 842 221 219
880 168 896 227 (
959 169 1073 221 &ram

82 283 287 339 Sulphure
331 283 571 331 communi,
640 294 737 323 cum
782 280 858 323 sale
903 279 1185 342 Ammoniaco
1218 280 1390 324 tractato
1419 280 1522 335 (d).‘

84 347 129 390 Si
163 347 315 389 scilicet
360 345 579 400 Sulphuris
623 347 860 386 communis
895 354 936 385 et
971 345 1058 386 salis
1095 346 1343 386 ammoniaci
1376 357 1522 398 aequa·

80 411 140 452 les
189 411 422 473 miscentug·
459 418 625 463 partes,
670 419 712 449 et
757 409 840 449 leui
875 409 1095 460 digestio-ne
1128 408 1313 450 intimius
1347 409 1524 448 coniun-

86 483 264 529 guntur,
299 473 480 525 denique
513 484 612 513 vero
645 472 729 523 igni
763 481 1027 524 exponuntur
1062 481 1231 525 aperto,
1266 484 1350 512 non
1386 484 1525 512 accen-

86 539 219 585 ditur,
251 547 299 576 vt
333 536 436 576 solet
467 547 520 575 ex
556 534 622 575 sua
657 545 830 585 natura,
877 532 1088 587 Sulphur‚
1123 536 1186 574 sed
1222 544 1358 574 totum
1393 535 1527 587 abque

85 601 174 640 vllo
207 600 363 639 indicio
395 599 616 644 flammae,
661 610 756 638 cum
793 597 962 637 floribus
997 597 1085 637 salis
1122 598 1372 637 ammoniaci
1407 597 1530 637 subli-

86 671 224 703 matur
273 663 315 701 in
363 661 496 713 specie
541 660 660 701 fumi..
728 659 869 700 Multo
904 661 1039 699 minus
1072 659 1350 700 inflammatio
1384 660 1529 700 locum

88 724 241 772 habet,
289 723 317 763 fi
362 724 465 763 duae
512 723 714 776 sulphuris
750 732 884 775 partes
919 734 1014 762 cum
1053 721 1182 763 tribus
1218 715 1406 775 partibus
1441 722 1530 762 salis

91 786 345 828 ammoniaci
402 787 560 827 mixtae
604 788 689 837 igni
737 794 1020 837 exponuntur,
1056 785 1124 826 sed
1170 785 1387 839 vtriusque
1434 797 1528 826 cor-

86 851 198 904 poris
249 849 370 890 flores
420 849 541 891 instar
592 848 696 888 fumi
753 848 900 901 absque
951 848 1031 888 vlla
1082 849 1317 890 accensione
1367 849 1528 891 eleuau-

85 924 152 953 tur
217 913 258 952 in
323 912 482 962 altum,
544 921 789 952 remanente
838 912 941 952 infra
989 913 1139 962 exigua
1190 923 1299 952 terra
1349 913 1527 966 quadam

87 975 301 1028 fuliginosa
330 974 614 1028 griseo-nigri
648 974 809 1014 coloris.
878 972 920 1013 Si
936 967 1088 1013 eleuati
1110 974 1531 1028 sulphureo-ammo-

81 1039 258 1088 >nucales
300 1039 422 1078 flores
457 1037 613 1090 (quum
652 1036 807 1076 scilicet
842 1037 1172 1089 experimentum
1206 1039 1434 1080 rinstituitur
1457 1053 1530 1093 per

87 1101 405 1142 destillationem
444 1101 514 1140 vel
549 1099 906 1154 sublimationem)
949 1100 1118 1141 vlterius
1163 1102 1259 1155 igne
1297 1111 1530 1154 tentantur,

88 1165 155 1204 vel
189 1164 347 1204 ardenti
380 1159 593 1202 Candelae
629 1173 921 1215 exponuntur3
955 1165 1102 1204 eodem
1137 1165 1175 1204 se
1201 1157 1358 1217 'gerunt
1382 1166 1525 1214 modo,

82 1236 130 1267 vt
164 1226 290 1278 prius,
321 1234 361 1264 et
399 1237 449 1264 ne
487 1225 707 1266 minimum
743 1227 911 1279 quidem
943 1226 1136 1267 flammae
1155 1227 1391 1282 sulphureae
1410 1241 1530 1282 prae-

88 1289 186 1328 bent
237 1288 444 1329 inditium.
527 1287 571 1329 Si
623 1299 759 1329 autem
803 1289 844 1328 in
886 1289 1086 1341 pollinem
1139 1291 1372 1343 puluerisati
1422 1304 1530 1345 aqua

90 1351 303 1400 eluuntur3
352 1351 488 1391 soluto
531 1349 622 1391 Sale
665 1352 953 1394 ammoniacali
986 1354 1240 1407 praecipitari
1274 1357 1320 1396 ad
1355 1354 1529 1397 fund-um

85 1413 187 1453 solet
230 1413 364 1465 puluis
408 1413 566 1463 luteus,
621 1417 692 1467 qui
728 1417 821 1467 igne
847 1417 1143 1466 examinatus,
1194 1430 1338 1459 verum
1375 1419 1414 1459 se
1450 1419 1527 1459 effe

84 1475 294 1529 Sulphur,
346 1477 545 1517 monstrat
599 1490 676 1530 per
726 1478 936 1519 flammam
992 1479 1268 1533 sulphuream.
1349 1481 1397 1521 In
1446 1482 1527 1524 hoc

86 1540 380 1591 experimento
413 1540 561 1591 igitur,
596 1552 740 1581 reuera
773 1542 1016 1595 phlogissica
1052 1545 1223 1585 materia
1256 1547 1300 1586 in
1334 1544 1526 1600 sulphure

85 1610 278 1643 contenta
311 1602 581 1656 supprimitur
616 1616 688 1659 per
723 1603 841 1645 salem
877 1607 1203 1650 ammoniacum.

267 1719 457 1762 Adhibui
506 1732 635 1774 porro
684 1721 862 1777 superius
913 1720 1156 1780 singularem
1208 1741 1281 1771 nec
1331 1729 1525 1770 omnibus

85 1784 189 1822 forte
225 1793 436 1836 acceptam
481 1783 813 1836 expressionem,
866 1797 1020 1830 terram
1058 1802 1205 1843 nempe
1240 1790 1526 1845 phlogisticam

86 1857 158 1897 per
206 1844 377 1885 salinum
411 1846 666 1898 principium
716 1849 757 1886 in
791 1849 1069 1893 calcifo‘rmem
1106 1857 1256 1895 mutari
1289 1856 1401 1907 poffe
1438 1856 1531 1897 sub-

85 1906 295 1955 stantiam,
331 1907 500 1959 perinde
535 1907 688 1948 scilicet
723 1911 806 1959 est,
858 1926 905 1953 ac
940 1915 968 1954 fi
1002 1916 1181 1957 dicerem
1207 1946 1218 1967 ,
1272 1916 1524 1960 Arsenicurn

740 1972 776 2012 E
801 1985 823 2012 e
862 1986 886 2012 2
1448 1984 1525 2023 effe

85 2065 1530 2088 Μ

97 2143 101 2149 ,
163 2113 226 2162 (d)
275 2111 354 2147 Vid.
389 2112 596 2150 Differtation
632 2118 812 2165 Cliymique
837 2117 876 2154 de
900 2123 950 2161 M.
979 2124 1058 2160 Pott.
1111 2127 1170 2162 Sur
1195 2125 1224 2161 le
1251 2123 1296 2161 sel.
1320 2126 1537 2164 ammoniacal

270 2160 371 2199 steret
398 2164 479 2205 Sec‘l,
505 2167 562 2202 1V.
588 2165 673 2202 Libr.
699 2170 805 2209 citato.
