1972 2688
560 128 671 178 »ev-e
732 123 748 180 )
788 101 929 181 2677(
993 128 1106 178 &tc-23<-

131 239 246 283 alcali
282 244 421 283 a'e‘rato
456 237 578 279 libras
613 248 788 290 quatuor
822 251 915 279 cum
947 237 1117 279 dimidia
1160 249 1290 282 terrae
1331 243 1562 294 argillaceae

125 306 245 347 dedit.
313 304 537 355 Liquorem
573 303 820 354 superstitem
856 301 1209 351 chrystallisando‚
1246 307 1467 358 magnesiae
1504 311 1562 347 vi-

122 368 312 409 triolatae
359 366 480 406 libras
531 367 711 417 quinque
763 376 804 405 et
856 365 971 405 alcali
1022 368 1221 407 viti-iolati
1256 368 1560 420 portiunculam

123 431 297 474 obtinui.
364 428 601 480 Magnesiae
638 427 749 465 albae
786 429 944 480 pondus
980 428 1020 466 in
1055 430 1167 469 libris
1199 433 1380 484 quinque
1400 444 1563 483 magne-

121 497 199 537 fiae
233 492 468 551 vitriolatae
503 491 723 529 secundum
760 491 1044 542 experimenta
1082 490 1287 535 Celeberr.
1339 494 1568 548 Bergmann

117 557 308 613 quintam
344 554 512 594 circiter
543 563 702 605 partem
740 553 805 592 vel
842 552 990 594 libram
1024 555 1161 596 efficit.

226 645 284 694 K.
320 641 541 690 Marmor
574 643 734 691 carnei
768 641 957 701 coloriS,
995 641 1105 690 albo
1138 641 1449 705 variegatum.

299 722 332 769 ξ.
371 732 444 767 32.
506 718 574 760 Ad
611 720 789 772 Onegam
818 721 1034 768 reperitur.
1069 719 1260 759 Textura
1286 722 1340 760 est
1361 722 1559 763 subtiliter

115 786 320 832 micacea,
366 782 540 822 fractum
574 783 837 834 vndiquaque
872 780 998 821 fiffile.
1063 779 1172 821 Cum
1208 783 1330 822 acidis
1364 785 1474 825 lente
1500 785 1559 824 ef-

109 847 311 888 feruescit.
401 843 588 895 Chalybe
640 846 870 896 percuffum
931 843 1138 884 scintillat.
1231 843 1356 898 Aqua
1390 860 1411 887 e
1447 861 1558 889 mar-

112 923 231 952 more
267 908 520 961 puluerisato
563 905 675 946 salini
713 907 816 948 nihil
849 907 1034 946 merione
1070 908 1266 952 extrahit,
1332 907 1556 950 Calcinan-

106 974 158 1012 do
194 972 453 1013 centenarius
505 969 625 1009 libras
672 969 939 1022 septendecim
974 971 1139 1011 amittit.
1209 969 1318 1011 calx
1353 975 1448 1015 viua
1481 973 1552 1015 ad-

107 1038 277 1078 modum
313 1034 400 1074 alba
435 1042 475 1071 et
507 1031 674 1084 granosa
709 1040 807 1071 erat.

291 1142 323 1188 §-
363 1150 433 1186 33.
503 1135 638 1176 Acido
674 1136 762 1178 salis
799 1137 930 1178 diluto
966 1151 987 1179 e
1023 1143 1259 1183 centenario
1282 1141 1408 1184 librae
1431 1143 1550 1184 offo-

105 1203 219 1256 ginta
254 1211 293 1240 et
332 1214 412 1240 vua
449 1199 722 1240 soluebantur.
792 1200 927 1241 Alcali
959 1202 1247 1255 phlogisiicato
1281 1206 1422 1246 libram
1450 1220 1546 1247 cum

105 1265 325 1318 {caerulei
362 1263 559 1303 martialis
595 1272 634 1302 et
669 1263 758 1304 dein
795 1276 872 1316 ope
906 1264 1019 1305 alcali
1059 1268 1199 1306 tartari
1232 1269 1545 1321 praecipitatum

104 1328 288 1368 albidum
327 1339 348 1365 e
385 1326 584 1365 solutione
618 1325 889 1368 deiiciebatut.
956 1327 1071 1376 Hoc,
1127 1331 1243 1371 acido
1278 1331 1448 1372 Vitrioli
1484 1333 1547 1372 vl-

103 1402 164 1430 tra
201 1390 370 1429 modum
409 1388 811 1440 satiatumgypsum,
848 1398 888 1428 et
923 1393 1212 1443 euagon-atione
1245 1393 1416 1445 liquoris
1451 1398 1546 1436 refi-

102 1454 170 1494 dui
207 1452 379 1491 selenitis
413 1451 649 1490 flocculenti
687 1452 808 1491 libras
845 1461 924 1491 tres
959 1465 1053 1493 cum
1089 1458 1134 1504 {a
1194 1457 1330 1496 addito
1377 1458 1541 1498 tandem

102 1515 217 1556 alcali
252 1513 391 1554 tartari
429 1514 547 1554 libras
583 1522 757 1566 quatuor
791 1517 936 1565 curn}
973 1525 1105 1557 terrae
1148 1518 1386 1570 argillaceae
1416 1522 1541 1563 dedit.

100 1578 138 1619 E
172 1578 327 1618 residuo
379 1576 582 1616 insolubili
633 1576 758 1618 librae
794 1578 874 1617 duo
908 1591 1001 1619 cum
1038 1580 1208 1621 dimidia
1244 1584 1374 1622 micae
1404 1584 1540 1624 lauan-

99 1643 153 1682 do
197 1638 497 1692 separabantur.
565 1637 691 1692 Quod
737 1641 871 1680 denuo
915 1643 1150 1682 remanebat
1183 1645 1267 1696 igni
1303 1647 1541 1696 exponeba-

97 1714 162 1744 tur
212 1704 260 1742 ad
315 1701 639 1742 candescentiam
677 1713 834 1754 vsque,
890 1715 974 1754 quo
1007 1705 1111 1745 facto
1146 1707 1238 1746 ferri
1275 1707 1379 1746 libra
1415 1708 1537 1748 semis

100 1776 141 1805 ct
175 1765 281 1803 vltra
317 1774 506 1815 magnete
543 1764 705 1803 extrahi
739 1765 898 1815 potuit3
947 1766 1141 1806 vltimum
1178 1769 1374 1808 residuum
1414 1770 1537 1822 tripla

98 1827 291 1880 portione
326 1825 445 1863 alcali
481 1826 604 1865 a'e'rati
639 1826 771 1866 fusum
807 1827 961 1866 vitrum
997 1829 1274 1881 deliquescens
1310 1830 1378 1870 vel
1400 1831 1537 1885 liquo-

95 1902 183 1930 rem
221 1887 374 1927 filicum
409 1887 531 1926 dedit.

402 1973 456 2021 L.
490 1977 698 2022 Marmor
730 1973 975 2025 acetosum
1008 1975 1223 2028 Linnaei.

281 2055 316 2100 ξ.
356 2066 425 2101 34.
490 2053 556 2093 Ad
594 2054 770 2107 Onegam
803 2052 1031 2111 reperitur-⁴3
1066 2062 1202 2101 colore
1241 2063 1334 2101 albo
1370 2063 1531 2104 sedim-

95 2127 212 2168 puro.
277 2116 472 2156 Textura
522 2118 700 2170 aequalis
751 2120 833 2165 est,
885 2124 1092 2173 particulis
1146 2126 1345 2166 minimis,
1420 2126 1531 2167 Bafis

762 2180 836 2221 Ll
873 2196 896 2220 2
1420 2202 1530 2230 mar-
