1972 2688
580 164 692 213 »Σεὲἐ
758 156 956 216 )223(
1013 159 1127 211 &323ss

112 277 258 317 festius
292 275 440 329 dicam,
474 277 610 314 ae'rem
646 272 784 313 fixum.
814 270 1076 314 vitriolicum-
1096 267 1437 311 admixtum'effe
1455 269 1552 310 huic

112 340 207 380 sil-bo
243 342 374 388 fumo,
410 338 661 378 demonstrat
695 348 826 388 aquea
860 337 949 377 eius
982 335 1219 376 humiditas.
1266 331 1557 386 Quumigitur

111 402 270 454 Liquor
301 403 370 443 ille
405 401 514 441 ferro
546 399 787 448 instillatus,
823 399 905 450 agit
939 399 982 438 in
1020 397 1243 444 metallum,
1279 394 1439 436 acidum
1474 391 1556 434 Vi-

114 466 226 505 trioli
261 467 303 506 in
338 478 388 506 eo
422 473 702 510 contentum,
738 461 1005 515 sulphureum
1037 462 1173 513 primo
1217 458 1405 512 producit
1439 457 1560 509 spiri·

115 540 238 576 tum,
292 530 361 581 qui
412 527 558 567 deinde
608 524 791 565 subactus
827 522 920 565 Sale
955 524 1095 564 medio
1132 522 1255 563 Acidi
1292 521 1380 560 salis
1427 516 1561 567 Cam-

116 593 252 632 munis
301 605 394 632 cum
444 590 687 641 Mei-eurio,
739 590 783 630 in
824 599 971 629 verum
1021 584 1303 626 Arsenicalem
1354 583 1559 636 liquorem

116 662 308 694 mutatur.

301 779 436 823 Sumfi
480 781 628 822 iterum
664 780 915 821 Limaturam
949 776 1102 821 Martis
1140 786 1347 820 recentem
1372 807 1383 826 ‚
1437 785 1561 831 atque

113 845 245 893 hanc,
303 846 415 898 prius
452 845 544 898 igne
582 843 857 884 candefadram
894 843 1086 886 detonaui
1123 855 1196 895 per
1231 840 1417 894 Sulphur
1452 841 1540 894 (f)

116 908 301 948 residuae
333 908 435 949 calci
469 908 625 947 ferreae
660 906 831 946 odorem
861 906 1258 960 penetrantiffimum
1280 904 1561 956 Sulphureum

117 970 285 1023 spiranti
317 969 508 1011 instillaui
544 967 729 1010 Acidum
763 970 1016 1010 vitriol'icum
1054 981 1124 1024 per
1158 978 1323 1020 guttas,
1359 978 1400 1007 et
1446 965 1565 1006 fi'mul

116 1033 271 1084 aliquid
305 1034 425 1074 Acidi
468 1033 569 1074 Salis
622 1032 767 1072 addidi.
835 1029 966 1072 Ortus
1005 1035 1139 1074 subito
1173 1032 1227 1071 est
1263 1032 1366 1072 odor
1402 1031 1561 1069 summe

115 1096 304 1144 faetidus,
341 1096 513 1136 alliacen
547 1094 704 1145 fimilis,
741 1095 1113 1148 penetrantiffimus
1151 1104 1193 1134 et
1228 1095 1411 1133 max-ime
1448 1093 1565 1132 vola-

116 1159 230 1207 tilis,
284 1159 350 1210 qui
385 1158 497 1197 vasto
530 1157 756 1208 recipiente
791 1170 1013 1212 exceptus,
1066 1159 1191 1199 latera
1227 1157 1313 1196 eius
1349 1155 1563 1209 splendido

115 1221 335 1272 sulphure,
369 1219 555 1260 colorem
591 1220 874 1267 metallicum,
912 1231 976 1262 aut
1013 1221 1150 1273 potius
1185 1219 1563 1272 pyritoso-metal-

119 1283 247 1322 licum
293 1281 467 1321 habente
517 1282 766 1328 incrustauir,
835 1283 1087 1325 Produaum
1123 1283 1402 1336 experimenti
1439 1282 1562 1322 huius

117 1345 248 1384 simile
283 1347 336 1385 est
370 1345 524 1398 priori3
560 1357 707 1396 nempe
739 1345 901 1399 spiritus
934 1347 1182 1400 sulphureus·
1211 1359 1264 1386 ex
1301 1357 1408 1386 terra
1443 1345 1563 1397 phlo-

118 1408 257 1459 gistica
292 1407 386 1446 ferri
423 1417 547 1458 atque
582 1408 699 1447 acido
731 1408 941 1449 vitriolico
975 1410 1224 1463 produc‘tus,
1276 1409 1456 1450 subadrus
1494 1408 1564 1446 de-

116 1470 242 1521 nique
287 1470 404 1510 acido
437 1470 523 1510 salis
546 1500 556 1519 ,
611 1480 794 1513 mutatur
829 1473 870 1513 in
906 1472 1135 1526 pyritosum
1175 1472 1341 1526 sulphul
1379 1470 1562 1513 metalli·

117 1543 222 1572 cum.

1561 870 1572 890 ν

303 1626 372 1666 Ex
415 1624 477 1665 his
517 1626 676 1668 duobus
719 1629 845 1681 igitur
887 1631 1183 1683 experimentis
1223 1630 1331 1670 reste
1368 1628 1560 1671 concludi

117 1689 227 1742 posse
259 1689 398 1742 spem,¹
427 1688 667 1732 Arsenicum
706 1705 848 1733 reuera
884 1696 959 1733 effe
994 1694 1161 1746 sulphur
1202 1694 1305 1732 acidi
1342 1692 1430 1733 salis
1465 1704 1561 1732 cum

119 1762 227 1792 terra
260 1751 501 1805 phlogistica
539 1754 744 1794 metallica
781 1757 939 1804 mixti,
990 1757 1055 1796 vel
1076 1763 1088 1801 ,’
1122 1767 1166 1795 vt
1201 1756 1350 1795 clarius
1386 1756 1530 1806 loquar
1553 1783 1564 1802 ,

121 1812 363 1853 Arsenicum
417 1815 494 1853 effe
551 1814 751 1867 Spiritum
802 1818 1016 1870 Sulphuris
1052 1816 1338 1866 Communis,
1375 1819 1440 1857 vel
1492 1829 1562 1870 per

121 1874 303 1933 Acidum
341 1874 443 1915 Salis
478 1873 728 1918 Communis
762 1878 908 1929 solum,
945 1881 1004 1921 vti
1042 1881 1095 1919 est
1127 1881 1176 1918 in>
1206 1880 1369 1933 pyritis,
1394 1881 1462 1921 vel
1488 1891 1562 1930 per

1490 1941 1565 1982 Sa·

167 2095 229 2146 (f)
277 2095 497 2192 Viglplsupm
533 2099 794 2138 Differtationem
830 2114 938 2137 meam
973 2101 1013 2137 de
1040 2103 1225 2140 transtatione
1251 2102 1458 2139 metallorum
1483 2115 1558 2138 cum

397 2160 476 2182 mre.
