1972 2688
169 1092 260 1128 Tab.
294 1095 320 1128 Ι.

195 1144 263 1191 fig.
292 1154 319 1178 2.

855 133 972 184 ”4013
1037 127 1052 186 )
1088 143 1118 182 4
1152 125 1167 183 (
1235 129 1346 180 &2030-

373 261 477 291 vero
512 247 607 293 AC
658 247 892 303 opponitur
924 244 1034 285 resta
1068 241 1104 282 Β
1126 242 1180 291 D,
1229 250 1270 284 et
1304 245 1441 287 restae
1474 246 1509 291 B
1530 245 1568 292 C
1603 249 1834 306 opponitur

374 311 490 359 AD.
555 313 722 357 Deinde
770 322 875 352 vero
922 310 1032 350 inter
1077 306 1178 355 has,
1200 306 1270 348 sex
1307 308 1437 352 restas
1471 313 1623 357 dantur
1656 325 1834 368 quatuor

377 381 589 420 terniones
624 375 828 420 eiusmodi
862 372 988 413 trium
1026 371 1246 419 rectarum,
1268 381 1384 425 'quae
1418 377 1671 432 triangulum
1702 379 1842 420 inclu-

373 444 497 492 dunt,
535 444 603 495 qui
635 444 726 482 sunt
766 440 821 478 10.
858 435 968 485 AB,
1004 432 1110 483 BG,
1149 431 1272 481 AC;
1326 439 1381 477 2⁰.
1415 438 1526 489 ΑΒ,
1565 442 1680 496 AD,
1716 440 1841 493 BD3

375 510 434 556 3⁰.
468 503 579 554 AC,
615 505 657 546 A
679 504 734 554 D,
770 499 894 553 CD;
946 503 1008 552 4⁰·
1040 496 1145 548 BC,
1180 497 1290 548 BD,
1327 498 1450 555 CD;
1485 507 1555 547 vbi
1592 507 1839 556 notandum,

373 573 417 613 in
453 571 646 626 quolibet
682 567 877 611 ternione
911 565 1028 609 binas
1064 563 1192 606 rectas
1227 565 1431 620 oppositas
1465 571 1647 612 excludi.

559 723 592 771 (5.
642 736 682 764 2.
763 718 889 763 Circa
949 719 1052 761 tales
1117 720 1188 762 sex
1238 721 1395 772 rectas,
1457 725 1605 777 quibus
1658 734 1838 777 quatuor

370 788 525 845 puncta
558 788 601 828 in
636 787 785 828 eodem
822 787 948 841 plano
983 785 1056 827 fita
1091 785 1201 826 inter
1235 786 1272 826 se
1305 786 1543 841 iunguntur,
1595 788 1733 842 plures
1767 803 1839 831 oc-

368 864 539 895 currere
575 852 709 894 solent
742 852 1022 903 quaestiones3
1057 849 1143 899 vbi,
1178 861 1231 890 ex
1264 851 1367 891 datis
1402 852 1602 906 quinque,
1638 853 1754 893 sexta
1776 867 1839 895 re·

367 919 479 972 quiri
525 916 642 958 solet.
733 913 885 958 Veluti
935 915 979 955 in
1015 914 1299 968 quadrilatero
1332 927 1386 956 ex
1419 917 1524 957 datis
1561 925 1744 970 quatuor
1777 917 1836 959 la-

370 982 529 1023 teribus
574 993 669 1022 cum
715 980 846 1020 altera
891 978 1101 1032 diagonali
1148 979 1365 1032 quaeritur
1408 979 1536 1021 altera
1581 980 1840 1032 diagonalis;

372 1046 442 1087 vel
477 1046 520 1094 fi,
540 1045 636 1086 dato
673 1044 883 1097 triangulo
917 1043 1228 1096 quocunque-A
1250 1042 1283 1082 B
1305 1041 1356 1093 C,
1394 1044 1435 1083 in
1471 1046 1554 1085 eius
1590 1044 1713 1097 plano
1751 1045 1842 1084 vbi-

377 1123 543 1162 cunque
590 1109 817 1161 accipiatur
867 1107 1066 1162 punctum
1103 1106 1144 1147 D
1189 1116 1230 1147 et
1267 1109 1313 1148 ad
1349 1107 1388 1148 id
1424 1120 1478 1148 ex
1516 1108 1643 1148 tribus
1681 1108 1840 1161 angulis
1894 1110 1898 1115 ’

377 1175 436 1224 Α,
463 1174 516 1226 B,
547 1170 582 1213 C
620 1173 827 1212 ducantur
865 1182 946 1212 tres
982 1170 1117 1212 re&ae
1153 1169 1194 1211 A
1214 1169 1269 1220 D,
1305 1170 1339 1210 Β
1360 1170 1411 1217 D,
1440 1170 1475 1214 C
1497 1170 1551 1221 D,
1573 1177 1715 1224 quaeri
1738 1172 1842 1213 solet

380 1238 554 1288 relatio,
595 1249 698 1289 quae
734 1238 846 1277 inter
880 1235 952 1277 has
989 1246 1070 1275 tres
1105 1235 1232 1277 restas
1270 1235 1463 1285 subsistit,
1508 1238 1618 1277 vnde
1651 1248 1704 1276 ex
1738 1237 1842 1277 datis

385 1315 526 1346 earum
561 1300 715 1342 duabus
749 1302 870 1342 tertia
904 1299 1065 1340 definiri
1100 1309 1237 1352 queat.
1305 1299 1556 1341 Huiusmodi
1586 1300 1845 1354 quaestiones

385 1382 408 1408 a
443 1364 680 1408 Geometris
715 1366 887 1419 quidem
923 1363 1060 1417 plures
1102 1364 1191 1404 sunt
1237 1364 1539 1417 pertractatae,
1591 1377 1739 1405 verum
1777 1378 1845 1405 ea-

386 1444 481 1472 rum
520 1428 755 1471 solutiones
791 1429 1043 1483 plerumque
1081 1429 1289 1479 ingentem
1321 1427 1652 1481 propositionum
1675 1441 1846 1480 geome-

385 1497 581 1537 tricarum
636 1494 883 1547 farraginem
933 1493 1174 1544 requirunt3
1223 1492 1321 1545 quin
1377 1493 1500 1532 ctiam
1545 1492 1684 1544 plures
1718 1504 1846 1534 nouas

385 1560 513 1602 ῐεᾶαε
550 1559 592 1598 in
629 1559 763 1611 figura
798 1558 890 1598 duci
928 1565 1118 1611 oportet,
1171 1568 1225 1596 ex
1259 1555 1404 1608 quibus
1444 1566 1583 1595 certae
1620 1555 1844 1596 relationes

388 1636 484 1665 cum
519 1621 692 1676 reliquis
729 1621 873 1674 colligi
909 1630 1078 1674 queant,
1100 1620 1210 1660 vnde
1248 1620 1413 1660 tandem
1451 1619 1599 1661 solutio
1627 1619 1847 1660 desiderata

386 1687 569 1730 obtineri
605 1685 740 1739 poffit.
822 1686 904 1726 Hic
940 1685 1069 1737 igitur
1104 1683 1146 1723 in
1181 1684 1358 1736 gratiam
1399 1682 1724 1724 Geometrarum
1762 1695 1846 1724 non

385 1764 531 1805 parum
576 1751 790 1791 ostendisse
834 1748 1021 1797 iuuabit,
1074 1749 1292 1801 quomodo
1339 1759 1419 1799 ope
1463 1748 1641 1787 duorum
1680 1756 1845 1786 tantum

381 1818 655 1857 Lemmatum
693 1827 839 1856 omnes
875 1813 1117 1854 huiusmodi
1155 1810 1412 1864 quaestiones
1446 1810 1695 1862 pertractare
1728 1821 1770 1850 et
1799 1812 1850 1852 ad-

380 1880 631 1921 solutioncm
689 1879 921 1932 perducere
971 1878 1123 1926 liceat,
1175 1877 1234 1915 ita
1287 1885 1334 1915 vt
1371 1874 1493 1914 nullis
1528 1875 1618 1914 aliis
1653 1873 1771 1915 rectis
1805 1875 1848 1914 in

380 1942 602 1983 subsidium
647 1943 849 1983 vocandis
892 1940 943 1982 fit
984 1954 1104 1996 opus.
1167 1941 1443 1983 Lemmatum
1483 1939 1653 1991 quidem
1691 1939 1844 1979 horum

383 2006 559 2047 alterurn
595 2006 648 2046 est
685 2007 953 2056 notifflmum‚
989 2007 1164 2048 alterum
1201 2016 1308 2047 vero
1340 2002 1450 2044 sacili
1487 2002 1844 2044 demonstratione

380 2069 619 2111 confirmari
652 2070 797 2125 potest.

1716 2188 1845 2233 Lern-
