1972 2688
533 114 645 162 ἕως
709 109 900 163 >20⁷(
968 111 1077 158 aaa·

69 223 152 266 didi
200 222 378 268 vitreae,
431 230 472 261 et
516 221 707 274 adaptato
744 223 857 263 vasto
900 220 1147 273 Recipiente
1199 218 1514 265 destillationem

70 288 165 339 igne
206 284 409 326 mediocri
444 284 609 325 institui.
675 285 779 325 Fusa
816 286 937 325 massa
970 282 1259 336 copiofiffimos
1298 283 1425 323 edidit
1460 284 1522 324 fu-

73 362 165 389 mos
219 348 354 396 albos,
411 349 481 400 qui
517 348 692 388 adinstar
729 349 826 388 Riui
864 347 1034 388 ruebant
1082 349 1125 386 in
1164 359 1231 386 vas
1273 347 1521 401 Excipiens,

75 423 116 453 et
150 414 263 453 breui
301 421 433 452 totum
471 412 693 464 repierunt.
774 409 937 450 Cauens
975 423 1100 462 porro
1137 410 1369 463 Rupturam
1407 411 1526 450 vaso·

70 487 189 521 rum,
244 475 376 515 sustuli
424 476 471 515 de
507 476 600 526 igne
630 474 874 520 *Retortanh
927 485 1149 525 antequam
1186 475 1373 526 operatio
1408 471 1554 516 finita.

71 537 164 579 fuit.
230 537 375 591 Quum
414 538 585 577 Retorta
620 539 661 577 in
698 539 788 577 ae‘re
825 537 1168 589 refrigerabatur,
1219 537 1322 575 furni
1359 549 1412 576 ex
1446 536 1529 576 Re-

75 601 253 651 cipiente
278 606 422 640 omnes
446 601 484 639 in
510 612 600 639 eam
627 600 857 647 redierunt,
890 611 930 640 et
954 600 1071 639 fixati
1102 599 1191 637 sunt
1222 599 1340 651 super
1371 609 1525 641 terram

74 664 199 703 suam.
268 661 408 703 Fracta
431 663 594 703 demum
621 663 791 703 Retorta
817 664 951 714 reperi
984 660 1281 713 pulcherrimas
1305 658 1526 712 Crystallos

73 726 428 777 subprismaticas,
466 726 782 779 subdiaphanas‚
834 726 981 776 partim
1016 724 1166 771 luteas,
1222 726 1371 778 partim
1414 726 1529 766 rubi-

76 790 248 834 cundas,
298 801 398 840 quae
451 790 569 828 omni
622 790 662 827 iu
715 788 910 835 examine
961 799 1103 839 verum
1150 797 1190 826 et
1242 787 1524 839 pnriffimuni,

74 851 192 902 quale
227 853 298 892 vix
335 863 515 904 vnquam
552 853 748 903 produxit
783 840 966 898 Nat'tira,
1003 848 1183 902 Sulphur
1230 851 1378 891 fistunt.
1444 851 1524 891 Pa-

73 915 247 954 rietibus
302 914 411 954 bulbi
465 913 641 953 adhaesst
694 925 800 953 terra
862 913 1057 964 quaedam
1111 912 1244 960 fulua,
1311 914 1523 966 superficie

73 976 203 1029 polita
252 979 401 1025 nitida,
453 989 572 1028 quam
612 990 633 1016 a
668 975 822 1017 Scoriis
876 975 1095 1028 Sulphuris
1138 976 1389 1017 volatilisatis
1427 991 1522 1032 pro-

74 1040 214 1080 venire
250 1040 388 1081 credo.

262 1156 612 1207 Experimentum
642 1153 719 1195 hoc
753 1158 939 1206 quamuis
976 1167 1058 1195 non
1091 1154 1282 1204 finitum,
1321 1160 1423 1198 meis
1461 1167 1517 1198 ta«

72 1231 170 1259 men
223 1219 331 1257 votis
385 1218 557 1270 per-feste
612 1217 809 1258 satisfecit.
892 1219 1006 1258 Loco
1059 1219 1248 1260 fiammae
1282 1220 1323 1259 in
1360 1221 1518 1261 vafibus

73 1281 215 1321 clausis
252 1293 425 1331 vapores
462 1281 610 1320 elastici
645 1283 900 1332 prodierunt.'
957 1282 1025 1322 Ex
1071 1281 1132 1321 his
1168 1293 1307 1322 ortum
1344 1284 1396 1323 est
1428 1282 1520 1324 Sul-

72 1344 182 1396 phur
218 1343 523 1394 crystallinum3
559 1355 656 1395 ergo
691 1356 837 1384 verum
874 1345 949 1393 est,
986 1345 1094 1398 quod
1132 1345 1232 1385 dixi.

258 1465 355 1505 XII.
419 1464 613 1515 Denique
667 1467 828 1506 restaret
862 1465 965 1505 mihi
1001 1467 1134 1506 adhuc
1177 1466 1392 1519 explorare
1448 1478 1520 1506 na-

70 1534 202 1569 turam
241 1538 283 1568 et
317 1529 533 1580 qualitates
573 1529 694 1569 A‘e'ris
746 1530 852 1570 illius
888 1528 963 1568 fixi
998 1531 1039 1570 in
1074 1529 1259 1569 Metallis
1310 1529 1519 1577 content13

70 1588 136 1629 sed
171 1591 387 1632 destitutus
422 1592 609 1633 vlteriori
645 1593 685 1631 in
723 1593 803 1632 hoc
853 1593 1137 1645 experientia,
1188 1593 1292 1634 nihil
1330 1595 1429 1633 certi
1465 1593 1516 1632 de

69 1664 120 1692 eo
169 1656 444 1706 pronunciare
495 1656 668 1708 possum.
753 1654 972 1696 Coronidis
1023 1669 1124 1696 vero
1158 1656 1254 1696 loco
1296 1654 1518 1696 corollaria

68 1727 152 1756 non
188 1717 301 1757 nulla
335 1730 388 1757 ex
424 1717 659 1772 supradietis
692 1719 867 1759 deducta
900 1719 969 1759 hic
1002 1719 1251 1771 subiungam.

134 1847 165 1889 Ι.
201 1845 372 1890 Metalla
406 1845 642 1897 imperfecta
678 1846 837 1898 priuata
862 1846 975 1887 A'e‘re
1008 1846 1096 1886 fixo
1132 1844 1172 1883 in
1198 1843 1384 1884 scoriosas
1425 1856 1515 1884 mu-

256 1917 398 1947 tantur
446 1907 597 1955 calces,
651 1919 701 1946 eo
737 1920 839 1950 vero
876 1909 1040 1948 reddito
1082 1908 1294 1959 pristinum
1347 1919 1516 1959 recupe-

257 1981 348 2009 rant
386 1969 668 2021 splendorem,
719 1981 765 2010 vt
798 1973 836 2011 id
869 1971 1071 2010 Mercurii
1105 1971 1355 2023 praecipitati
1399 1969 1512 2010 rubri

248 2045 321 2085 per
347 2035 505 2075 Ae'rem
529 2032 663 2074 fixum
689 2031 785 2074 ferri
807 2032 1131 2076 reuiuificatione
1165 2034 1332 2088 probari
1369 2031 1513 2085 potest.

1308 2146 1361 2188 ΙΙ.
1400 2148 1517 2189 Met-
