1972 2688
592 138 696 180 ”⁹³2⁶
728 166 734 169 -
766 133 781 186 )
817 147 905 185 259
941 133 957 189 (
1021 135 1136 184 ἓὲέὲω

564 245 1044 324 Experimentum
1089 260 1143 317 7.

313 345 351 404 §.
399 357 454 388 11.
537 343 761 387 Refiduum
818 341 1084 385 indissolubile
1137 341 1405 399 experimenti
1455 343 1577 399 tertii,

126 410 237 470 quod
270 409 460 468 ponderis
493 407 683 450 librarum
718 406 788 449 sex
822 419 926 461 erat,
984 420 1129 447 arenae
1160 404 1306 448 subtilis
1340 405 1452 448 albae
1485 405 1584 448 faci-

127 490 193 518 em
225 490 326 532 prae
361 473 398 517 se
436 473 609 530 gerebat.
693 470 824 512 Alcali
859 471 994 513 tartari
1045 468 1155 511 libris
1189 468 1418 526 quindecim
1452 469 1583 512 fusum

125 541 276 581 vitrum
309 538 605 593 deliquescens,
656 534 828 591 ideoque
863 536 1064 591 liquorem
1096 533 1248 574 filicum
1279 544 1319 575 et
1352 545 1500 576 terram
1534 534 1583 583 fiff

124 604 268 644 liceam
299 601 492 659 praebuit.

154 736 203 788 B.
236 735 456 785 Marmor
488 734 600 783 albo
636 746 685 784 et
718 730 999 783 columbino
1033 727 1202 779 colore
1234 728 1546 794 variegatum.

309 833 345 891 Β.
380 848 435 878 12.
499 834 546 876 In
596 833 696 889 Iugo
749 827 1342 884 Catharinoburgo-Vralienfi
1389 825 1440 870 ad
1476 830 1581 872 Gon

124 898 296 952 noitschit
346 909 590 949 excauatur‚
641 910 770 953 prope
819 906 1014 934 cacumen
1058 893 1140 948 iugi
1174 892 1294 935 istius.
1384 892 1457 934 Ex
1502 892 1579 935 hoc

119 975 322 1003 marmore
356 963 570 1002 columnae
604 954 1033 1002 Sarskoe-Selo'e'nses
1067 956 1297 999 exstrufiae
1329 954 1426 998 sunt.

309 1102 497 1143 FraGtura
531 1099 712 1155 spatacea
746 1099 818 1152 est,
869 1099 1072 1155 particulis
1124 1097 1344 1140 maioribus
1396 1097 1578 1140 micanti-

118 1169 216 1217 bus,
266 1180 361 1206 cum
394 1163 515 1204 acidis
550 1163 808 1204 mineralibus
857 1162 1014 1203 fortiter
1063 1160 1305 1212 efferuescit3
1359 1162 1579 1218 polituram

122 1230 325 1284 egregiam
360 1241 398 1269 et
432 1227 679 1269 constantem
713 1224 888 1278 assumit,
940 1225 1109 1278 chalybe
1145 1239 1281 1267 autem
1316 1239 1398 1266 non
1433 1223 1577 1267 scintil-

122 1293 185 1333 lat,
252 1292 373 1347 Aqua
406 1289 585 1331 feruente
618 1303 761 1346 parum
809 1300 938 1329 terrae
981 1292 1185 1329 calcareae
1220 1287 1394 1329 soluitur.
1479 1287 1576 1330 Cal-

121 1356 319 1396 cinatione
351 1353 600 1394 centenarius
646 1352 765 1393 libras
798 1353 937 1408 viginti
970 1350 1051 1392 duo
1086 1351 1223 1408 perdit.
1293 1349 1406 1392 Calx
1441 1353 1575 1393 extin-

120 1417 180 1459 ἃᾶ
215 1429 402 1458 texturae
435 1415 646 1472 granosae⁷
681 1416 828 1457 coloris
863 1415 1005 1471 gryseo
1040 1414 1272 1457 albescentis
1309 1414 1375 1456 est.

305 1555 341 1611 §.
376 1571 432 1611 13.
506 1556 544 1598 E
594 1559 823 1599 centenario
873 1556 1033 1600 acidum
1084 1557 1171 1601 salis
1232 1558 1354 1600 libras
1403 1567 1577 1612 quatuor

119 1620 262 1661 arenae
297 1619 526 1661 albescentis
551 1636 632 1662 non
668 1620 811 1663 solutas
842 1623 1019 1679 reliquit,
1054 1636 1158 1678 quae
1191 1622 1307 1663 alcali
1340 1625 1478 1662 a‘e‘rato
1511 1618 1575 1659 fu-

118 1682 179 1724 sae
217 1685 411 1739 liquorem
446 1683 597 1725 filicum
633 1695 673 1725 et
708 1686 772 1726 ille
806 1696 954 1727 terram
989 1687 1160 1727 filieeam
1194 1698 1339 1742 puram
1381 1683 1575 1739 praebuit.

120 1745 277 1788 Solutio
312 1746 426 1787 acido
462 1747 548 1788 salis
582 1747 685 1788 fana
720 1750 862 1789 lixiuio
905 1750 1019 1790 alcali
1061 1748 1321 1805 phlogi'sticati
1371 1743 1575 1798 admixto,

119 1811 423 1865 praecipitatum
463 1810 690 1850 caeruleum
742 1810 939 1866 deposuit,
990 1811 1077 1867 post
1117 1809 1466 1852 ›edulcorationem
1499 1808 1573 1849 vix

118 1873 243 1913 librae
294 1870 452 1927 pondus
503 1872 710 1914 exhibens.
796 1871 1018 1915 Refiduum
1054 1874 1238 1930 liquoris,
1280 1871 1395 1914 alcali
1440 1877 1573 1914 aerato

120 1934 357 1987 saturatum,
413 1936 713 1991 praecipitatum
749 1935 895 1977 coloris
930 1936 1057 1993 spurci
1090 1936 1259 1979 albentis
1293 1934 1410 1977 dedit.
1477 1934 1572 1975 Hoc

119 1997 233 2039 acido
267 1996 411 2038 vitrioli
447 1997 548 2039 vltra
582 1998 862 2039 saturationem
895 2001 1187 2056 combinatum,
1232 1997 1406 2056 'gypsum
1440 1995 1571 2037 albes-

118 2075 234 2114 cens,
285 2061 391 2115 quaii
443 2060 892 2117 talcoso-vnguinosum
949 2063 1141 2119 produxit
1176 2075 1215 2106 et
1263 2076 1367 2118 aqua
1417 2058 1571 2101 acidula

118 2123 310 2180 superstes
343 2123 463 2165 libras
497 2123 567 2166 sex
604 2130 618 2177 3,
651 2124 818 2167 selenitis
854 2125 1080 2229 fiteculenti
1104 2127 1228 2169 dedit.
1292 2122 1419 2178 Quod
1456 2137 1572 2228 map-

823 2190 861 2230 Κ
947 2203 972 2234 2
1538 2196 1568 2228 lt
