1972 2688
852 127 969 184 »ἐξ
1032 123 1228 185 )198(
1291 127 1407 179 &323⁴-

401 265 500 296 πω
536 250 612 291 vix
647 242 940 290 deducendam.
1014 236 1273 282 Clarissimus
1311 238 1459 280 Gellert
1492 240 1559 296 c),
1595 243 1645 283 de
1679 252 1860 299 vtro-que

399 315 573 359 metallo
609 310 831 363 aequaliter
865 303 1069 355 affirmat,
1111 317 1157 344 ea
1193 316 1289 344 cum
1328 303 1521 357 sulphure
1554 307 1779 358 detonare,
1811 309 1861 350 fi·-

398 382 458 423 eri
493 379 587 419 inde
627 373 808 425 fragilia,
862 369 1091 410 refrastaria
1141 368 1539 422 semi-metalloque
1591 370 1760 424 fimilia3
1809 373 1858 415 de

399 446 540 486 stanno
581 447 794 493 praeterea
847 445 988 481 notat,
1045 433 1178 475 fusum
1235 431 1338 473 illud
1390 445 1484 473 cnm
1540 434 1732 489 sulphure
1783 447 1861 488 pro

396 517 513 561 parte
566 503 671 543 verti
725 502 765 540 in
803 500 1007 547 scoriam,
1060 508 1100 538 et
1136 497 1163 536 fi
1199 497 1387 549 repetitis
1424 497 1583 539 vicibus
1620 498 1723 540 haec
1757 497 1862 540 fufio

399 569 654 615 instituatur,
710 575 845 605 totum
900 564 1078 615 denique
1114 561 1155 600 in
1198 573 1287 601 eam
1343 562 1493 602 mutari
1545 564 1669 617 poffe.
1744 561 1861 617 Ego,

398 645 501 687 quae
539 632 711 685 propria
745 629 793 668 de
830 627 889 668 liis
926 627 1052 668 didici
1087 625 1373 679 experientia,
1410 626 1627 668 enarrabo.

853 735 1336 812 Experimentum
1385 757 1425 800 1,

587 834 669 877 VI.
737 832 909 874 Libram
962 833 1126 873 circiter
1175 833 1390 874 dimidiam
1445 832 1606 887 plumbi
1642 834 1736 887 puri
1777 832 1865 874 fudi

401 903 442 943 in
481 903 624 942 catino
677 897 922 950 argillaceo‚
975 897 1047 948 qui
1082 896 1212 937 latum
1251 906 1292 936 et
1330 898 1550 949 aequalem
1586 898 1755 940 fundum
1792 897 1866 939 ha-

406 966 551 1014 bebat,
604 972 648 1002 vt
683 961 836 1002 scilicet
885 959 1076 1000 diffusum
1113 960 1192 998 late
1227 961 1266 999 in
1304 972 1356 999 eo
1393 961 1609 1001 metallum
1666 964 1867 1003 maiorem

404 1031 599 1083 praebeat
636 1024 922 1078 superficiem3
957 1022 1097 1064 fluenti
1136 1025 1247 1063 tenui
1286 1023 1401 1062 fluxu
1439 1023 1608 1063 metallo
1633 1026 1757 1064 inieci
1796 1037 1869 1066 co-

402 1094 539 1133 chlear
576 1093 615 1131 iu
656 1089 873 1141 puluerem
911 1086 1069 1127 contusi
1105 1084 1338 1137 sulphuris,
1389 1087 1512 1138 idque
1557 1087 1689 1128 fusum
1728 1087 1865 1128 statim

405 1170 500 1197 cum
541 1154 712 1195 metallo
746 1151 933 1204 spathula
969 1150 1072 1190 bene
1106 1147 1438 1201 pei-miscendum
1477 1150 1640 1197 curaui,
1676 1151 1866 1204 quamuis

406 1220 578 1260 faetidos
631 1225 828 1268 acresque
882 1227 1058 1268 vapores
1096 1214 1171 1252 vix
1208 1213 1358 1265 pulmo
1393 1214 1499 1254 ferre
1536 1222 1724 1266 poterat;
1776 1213 1866 1267 post

410 1295 583 1336 paucam
621 1280 994 1331 deflagrationem·
1029 1277 1146 1317 breui
1182 1276 1350 1329 sulphur
1384 1277 1613 1330 aggreflum
1650 1278 1706 1318 est
1743 1289 1870 1330 pene-

408 1348 619 1399 trauitque
674 1344 919 1394 metallum·⁷
973 1342 1103 1384 subito
1143 1351 1238 1382 tunc
1290 1353 1444 1394 magno
1481 1353 1576 1381 curn
1612 1341 1730 1383 sibilo
1766 1353 1873 1394 quo-

405 1411 497 1451 dam
534 1409 780 1450 lucidissima
831 1407 996 1448 flamma
1035 1406 1191 1458 erupit,
1245 1416 1327 1457 qua
1362 1405 1544 1458 dissipata
1591 1415 1730 1446 totum
1779 1417 1869 1445 me-

409 1475 560 1515 tallum
616 1474 712 1526 igne
749 1472 941 1525 plenum,
996 1471 1109 1524 quasi
1155 1468 1307 1511 ferrum
1359 1470 1539 1522 ignitum
1590 1469 1870 1522 conspicieba-

406 1549 502 1587 tur,
555 1547 597 1577 et
634 1546 837 1576 mutatum
895 1535 950 1574 est
1003 1536 1043 1574 iu
1081 1533 1243 1574 massam
1280 1533 1580 1585 ponderosam,
1635 1531 1868 1580 friabilem,

406 1613 494 1641 non
530 1600 707 1654 amplius
745 1601 838 1651 igne
872 1597 1052 1645 fusilem,
1096 1598 1216 1637 zinco
1252 1596 1375 1637 sterili
1412 1597 1726 1652 quodammodo
1759 1595 1873 1635 fimi-

407 1665 517 1714 lem,
571 1675 673 1716 quae
711 1663 883 1716 desuper
933 1661 1108 1714 pulchre
1160 1659 1504 1701 fusco-violaceo
1555 1660 1696 1700 colore
1743 1658 1871 1699 timsta

407 1727 509 1778 suit,
544 1730 655 1768 intus
691 1739 790 1768 vero
827 1738 881 1765 ex
917 1726 1056 1766 nitidis
1110 1723 1272 1777 exiguis
1316 1724 1497 1780 granulis
1531 1723 1745 1766 metallicis
1781 1731 1869 1764 tota

409 1792 637 1846 composita
674 1792 749 1833 effe
786 1790 1010 1832 videbatur.

862 1907 1344 1989 Experimentum
1387 1926 1434 1963 2.

602 2009 819 2053 Residuam
873 2011 979 2051 hanc
1019 2011 1104 2064 post
1142 2011 1453 2051 detonationem
1492 2009 1684 2058 massam,
1731 2003 1871 2060 pulue-

416 2076 576 2117 risatam
614 2076 656 2114 in
695 2076 925 2125 mortario,
961 2076 1092 2116 diuidi
1126 2076 1166 2114 in
1205 2086 1381 2128 quatuor
1413 2075 1629 2128 portiones
1663 2068 1870 2120 aequales,

1697 2143 1872 2185 quarum

467 2232 506 2280 c)
537 2208 670 2268 cliimie
688 2208 934 2283 metalffigiquc
956 2233 1090 2269 traduite
1112 2233 1152 2268 de
1171 2230 1354 2268 l'allemand
1373 2243 1390 2263 a
1403 2229 1485 2263 Paris
1499 2234 1582 2273 1785.
1597 2227 1703 2264 Tom·
1719 2225 1749 2262 Ῑ.
1762 2225 1878 2272 §.2660
