1972 2688
593 147 706 198 *⁵⁰65ss
768 96 961 202 ‚203'(
1023 140 1138 194 2:03¹·

149 262 191 303 in
228 259 410 303 lamellas
445 258 637 313 exiguas,
671 255 854 311 fragiles,
887 256 1061 310 rigidas,
1094 250 1229 295 colore
1264 260 1400 293 tamen
1438 253 1589 304 pallido

149 326 359 367 matallico
394 322 519 364 adhus
554 322 772 377 gaudentes
807 331 1039 367 mutatum,
1073 330 1118 358 ac
1155 316 1347 357 omnious
1386 316 1468 354 veri
1506 329 1592 355 me-

152 389 235 429 talli
269 386 559 442 qualitatibus,
611 394 791 437 excepto
834 385 1041 435 pondere,
1091 380 1309 424 orbatum,
1360 390 1485 431 atque
1521 379 1595 418 vix

153 462 223 492 aut
259 465 309 492 ne
342 454 417 492 vix
452 450 621 503 quidem
654 449 697 487 in
732 446 951 500 pristinum
987 444 1206 485 reducibile
1239 443 1399 483 statum.

334 570 405 611 Ex
455 567 520 610 his
572 567 730 608 duobus
786 567 1088 621 experimentis
1139 565 1467 607 concludendum
1523 565 1599 604 effe

150 640 278 688 pum,
325 633 510 672 stannum
543 631 665 684 longe
699 630 859 671 firmius
893 631 1071 670 retinere
1104 629 1216 669 suurn
1252 632 1388 668 aerem
1442 628 1601 674 fixum,

153 695 386 746 maiorique
425 709 446 734 a
483 704 627 735 natura
673 695 902 748 praeditum
939 693 1014 732 effe
1049 692 1133 732 eius
1170 693 1423 743 quantitate,
1475 702 1600 744 quam

154 757 396 813 plumbum,
433 768 553 810 atque
588 757 684 797 inde
718 757 825 795 haud
859 754 960 795 adeo
995 754 1114 796 facile
1150 755 1299 795 destrui
1339 769 1360 794 a
1394 754 1606 807 sulphure3

154 834 331 868 verum,
378 821 405 861 fi
442 821 624 874 repetitis
659 818 815 858 vicibus
865 819 950 858 eius
998 817 1180 862 accenfio
1231 817 1487 869 instituatur,
1540 828 1606 855 re·-
1651 808 1654 811 “

156 897 256 925 vera
294 893 429 924 totum
465 884 639 933 denique
676 883 716 922 in
743 882 888 922 scorias
925 880 1148 921 lamellosas
1176 893 1258 920 non
1294 881 1471 934 amplius
1507 881 1604 932 igne

158 947 333 1000 fimplici
384 945 513 986 fufiles
551 945 661 985 verti
697 946 817 997 poffe.
902 941 1110 984 Discimus
1161 943 1258 985 hinc
1307 944 1483 991 iterum,
1534 942 1603 982 sub

158 1009 422 1051 detonatione
456 1008 532 1049 hac
571 1007 835 1048 metallorum
868 1005 1062 1059 sulphur,
1107 1008 1217 1057 quod
1254 1007 1300 1047 acl
1335 1006 1604 1060 experimen-

162 1083 202 1113 ta
237 1071 468 1113 adhibitum
505 1071 605 1117 fuit,
643 1082 726 1109 non
764 1081 889 1110 omne
924 1081 1018 1109 cum
1055 1068 1221 1110 flamma
1255 1070 1413 1110 elastica
1449 1071 1488 1108 in
1534 1081 1606 1109 au-

159 1148 225 1176 ras
263 1134 463 1188 diffipari3
509 1134 572 1172 sed
609 1133 847 1184 groffiorem
884 1132 968 1171 eius
1021 1142 1177 1184 partem
1229 1145 1320 1174 cum
1374 1144 1482 1173 terra
1521 1144 1608 1172 me·

163 1197 299 1238 tallica
353 1207 564 1236 remanere
616 1207 738 1247 atque
773 1194 875 1237 hanc
923 1195 1130 1236 coloribus
1183 1197 1352 1249 tingere.
1418 1195 1607 1236 Salinum

163 1259 414 1314 principium
448 1259 707 1299 eflentialiter
739 1257 825 1297 Bafi
860 1258 1201 1309 imperfectorum
1240 1257 1505 1299 metallorum
1543 1259 1609 1298 in-

164 1324 361 1371 haerens,
413 1322 549 1362 euolui
586 1334 658 1373 per
691 1321 997 1361 detonationem
1052 1321 1222 1363 illorum
1258 1334 1354 1363 cum
1392 1321 1609 1375 sulphure,

165 1386 400 1439 colligimus
437 1396 490 1424 ex
537 1384 735 1425 constanti
787 1382 915 1436 figura
966 1384 1173 1425 lamellata
1229 1385 1404 1425 residuae
1451 1396 1609 1431 terrae,

163 1461 268 1501 quae
317 1450 365 1489 ad
410 1448 567 1488 tesseras
622 1443 796 1487 Cristalli
851 1445 1021 1488 Vitrioli
1064 1449 1369 1498 quodammodo
1414 1447 1610 1488 accedere

163 1512 351 1557 videtur,
406 1521 526 1562 atque
581 1511 707 1562 magis
744 1522 797 1549 ex
833 1510 970 1561 sapore
1021 1510 1251 1552 subaustero
1303 1512 1430 1552 stanni
1483 1507 1612 1549 semel

164 1587 259 1616 cum
297 1573 485 1626 sulphure
521 1573 714 1614 detonari.
780 1571 891 1612 Nam
928 1573 1037 1613 hunc
1074 1575 1253 1627 saporem
1292 1586 1373 1615 non
1411 1573 1458 1613 ab
1495 1573 1614 1612 acido

166 1637 369 1690 sulphuris
421 1636 667 1677 adhaerente
719 1637 970 1688 prouenire,
1023 1637 1089 1677 vel
1144 1650 1196 1677 ex
1241 1650 1290 1677 eo
1324 1637 1479 1676 clarum
1534 1635 1616 1681 est,

168 1702 279 1755 quod
318 1700 506 1740 lamellae
542 1700 635 1740 illae
671 1699 855 1741 stanneae
889 1700 1064 1742 austerae
1098 1714 1121 1739 a
1154 1700 1346 1753 sulphure
1382 1699 1499 1751 plane
1538 1697 1617 1735 im·-

165 1763 420 1813 maculatae‚
456 1773 496 1802 et
530 1764 669 1803 colore
705 1763 996 1814 splendoreque
1048 1775 1153 1815 puro
1208 1761 1414 1801 metallico
1459 1759 1618 1814 praedi.-

170 1834 236 1864 tae
270 1825 442 1864 fuerunt.
511 1824 665 1864 Furnus
702 1824 838 1873 albus,
878 1826 947 1876 qui
994 1825 1062 1867 sub
1094 1824 1218 1863 finem
1254 1823 1447 1864 flammae
1481 1822 1619 1863 elasti·

173 1899 243 1927 cae
282 1898 337 1925 ex
372 1887 513 1926 stanno
548 1887 820 1938 erumpebat,
856 1887 932 1926 fuit
967 1889 1087 1938 plane
1129 1886 1349 1934 inodorus‚
1401 1897 1444 1925 et
1479 1885 1617 1938 puluis

171 1951 256 1990 eius
293 1949 513 2000 infipid1153
549 1961 649 2000 ergo
687 1961 767 1987 non
804 1951 993 2001 prouenit
1016 1950 1076 1988 'ab
1112 1950 1312 1996 arstm‘co,
1354 1949 1460 2000 quod
1500 1958 1619 1988 natu-

173 2012 309 2053 raliter
347 2012 555 2052 inhaerere
591 2013 751 2057 stanno,
784 2013 867 2063 poll
900 2013 1185 2064 experimenta
1210 2012 1358 2053 Illustr.
1393 2009 1620 2064 Margrafii

174 2076 222 2115 ab
259 2075 447 2115 omnibus
484 2077 566 2115 fere
603 2075 809 2122 creditur3
845 2073 907 2113 sed
949 2076 1106 2126 potius,
1142 2085 1189 2115 vt
1223 2088 1296 2128 per
1331 2076 1619 2127 experimenta

178 2138 283 2181 mihi
308 2139 500 2188 constitit,
523 2147 563 2178 et
586 2151 639 2178 ex
658 2137 782 2190 figura
808 2136 1012 2179 lamellosa
1037 2149 1173 2180 terrae
1199 2137 1447 2178 concludere
1471 2138 1580 2184 licet,
1598 2151 1620 2177 ιι

863 2198 898 2240 C
920 2213 939 2239 c
977 2215 1000 2241 2
1506 2209 1621 2255 parte
