1972 2688
620 137 732 187 ”22³ss
795 141 815 189 3
853 146 941 187 347
976 136 997 186 <
1058 136 1173 185 &123⁴-

353 246 434 286 Pro
464 245 639 287 Maffilia
673 258 757 285 non
788 255 1001 299 comparet
1039 245 1108 287 hic
1145 257 1405 289 momentum
1441 253 1614 293 coniun-

165 309 328 358 ctionis,
363 311 458 361 quia
483 305 680 349 Latitudo
710 307 853 351 Lunae
891 321 1084 364 appatens
1119 309 1298 363 praecise
1332 313 1509 365 aequalis
1545 329 1610 357 re·

132 411 134 413 ,
164 374 346 427 periatur
380 372 566 412 summae
601 370 1022 414 Semidiamertorum
1058 371 1166 414 Solis
1200 382 1240 413 et
1273 371 1429 422 Lunae,

348 553 381 599 ξ,
416 565 461 601 4.
526 548 871 605 obseruationes,
920 566 974 595 ex
1010 553 1153 606 quibus
1203 553 1464 605 aequationes
1513 554 1609 595 istae

162 614 355 657 deductae
389 615 494 663 sunt,
549 628 630 656 non
680 628 825 656 omnes
861 612 949 670 pai-‘i
998 618 1176 670 gaudent
1225 615 1525 658 exactitudine:
1559 617 1609 658 de

164 679 408 719 certitudine
444 679 552 718 initii
587 691 715 732 aeque
752 692 796 719 ac
832 680 924 720 finis
960 677 1171 730 Petropoli
1208 676 1414 718 obseruati
1459 679 1608 720 intime

158 742 372 782 conuicstus
427 742 538 790 sum,
593 743 632 782 id
687 744 798 783 circo
859 740 1195 780 obseruationem
1247 738 1608 795 Petropolitanam

158 805 415 845 fundamenti
469 806 562 846 1000
616 806 861 847 substernere
913 814 995 840 non
1053 802 1210 842 dubito.
1278 800 1505 844 Cremisani
1541 815 1612 845 ve—

159 881 252 908 rum
292 869 455 908 initium
479 869 689 919 Eclipseos
717 865 928 905 obseruare
964 877 1046 906 non
1083 866 1220 914 licuit,
1256 876 1296 906 et
1331 866 1372 906 in
1407 876 1608 920 computo

159 943 236 984 pro
273 932 394 972 initio
426 929 630 972 eiusmodi
668 936 930 968 momentum
968 928 1198 970 adhibitum
1236 929 1313 978 est,
1357 942 1441 981 quo
1476 929 1610 971 obser-

157 995 287 1034 vatori
331 993 537 1033 contactus
585 989 807 1030 limborum
863 990 971 1031 Solis
1004 1002 1043 1032 et
1091 992 1232 1032 Lunae
1283 992 1470 1034 sensibilis
1523 995 1608 1035 iam

155 1058 408 1109 apparuerit:
462 1065 533 1103 par
586 1055 690 1091 ratio
740 1053 795 1092 est
844 1066 937 1094 cum
988 1055 1108 1095 initio
1143 1054 1326 1095 Dresdae
1364 1057 1606 1098 obseruato.

155 1118 294 1170 Quam
345 1115 489 1156 obrem
527 1112 755 1157 cremia-mi
811 1129 854 1157 ac
887 1115 1073 1159 Dresdae
1110 1129 1331 1159 momenta
1363 1121 1471 1161 initii
1513 1121 1605 1162 iure

154 1180 312 1231 aliquot
365 1178 548 1219 secundis
603 1182 791 1220 minuere
837 1179 995 1232 licebit,
1049 1182 1077 1224 fi
1112 1182 1601 1235 aequationesffinuentae

154 1243 193 1281 id
231 1241 395 1282 suadere
432 1243 658 1283 videantur.

338 1437 370 1484 ς.
412 1443 450 1481 5.
518 1432 731 1486 Quoniam
769 1432 809 1470 in
859 1432 1193 1484 aequationibus‚
1245 1447 1342 1487 quas
1398 1437 1600 1491 praebent

152 1499 456 1539 obseruationes
497 1495 798 1536 Warsouienfis
851 1506 890 1536 et
949 1494 1267 1539 cremifanenfis
1321 1500 1601 1543 coefficientes

150 1563 329 1616 ipsorum
370 1557 417 1609 δ,
456 1572 489 1610 y
523 1570 564 1599 et
597 1573 630 1603 π
667 1558 754 1599 sunt
803 1560 1026 1600 admodum
1083 1563 1244 1613 magni,
1298 1575 1366 1602 eae
1415 1575 1508 1605 tuto
1552 1567 1601 1607 ad

152 1625 351 1665 eruendas
400 1624 673 1664 correctiones
711 1623 750 1660 in
788 1623 903 1663 vsum
954 1625 1095 1664 vocari
1149 1635 1385 1677 nequeunt,
1434 1638 1473 1666 et
1515 1628 1601 1669 leui

149 1688 328 1727 adhibita
364 1690 593 1726 attentione
629 1694 739 1739 patet
776 1688 1063 1737 aequationem
1111 1684 1150 1728 V
1194 1689 1367 1727 minime
1403 1702 1495 1729 cum
1534 1705 1599 1732 re-

150 1751 271 1801 liquis
306 1750 523 1788 consistere
577 1749 700 1800 poffe.
765 1746 956 1800 Sepofitis
1010 1752 1139 1801 igitur
1175 1751 1484 1801 aequationibus
1522 1767 1600 1806 pro

149 1813 383 1858 Waiiouiu,
436 1809 676 1850 Cremifano
709 1819 749 1850 et
783 1810 993 1855 Vtraiesto
1029 1813 1250 1852 videndum
1302 1815 1380 1862 est,
1427 1818 1596 1867 quinam

150 1876 342 1928 proxime
396 1874 554 1912 valeres
607 1885 682 1923 pro
735 1868 840 1923 5,y
878 1886 918 1915 et
964 1891 995 1917 π
1045 1875 1307 1917 substituendi
1362 1879 1599 1922 satisfaciant

150 1938 316 1991 reliquis
351 1935 672 1989 aequationibus:
710 1948 857 1989 nempe
