1972 2688
875 149 989 200 »geg
1050 143 1069 200 2
1107 154 1198 194 240
1233 140 1250 200 ί
1283 146 1398 196 2243«.-

591 261 865 308 Calculorum
889 289 899 309 ‚
950 261 1027 314 qui
1068 260 1107 302 ln
1143 257 1712 316 corporibusAcipe—nserum
1748 276 1866 319 repe-

405 331 602 378 riuntur,
637 327 828 368 habitum
867 320 1086 367 externum
1123 327 1417 380 maximopere
1452 328 1636 377 variare,
1670 328 1754 368 iam
1791 341 1864 369 an-

407 404 473 436 tea
510 394 621 442 dix-i3
655 403 733 444 pro
768 389 927 432 diuersa
958 399 1103 432 autem
1138 390 1271 444 figura
1307 399 1483 431 externa
1519 392 1728 433 internam
1761 403 1866 445 quo·

407 472 486 512 que
534 467 682 497 eorum
716 453 916 496 fabricam
940 454 1075 496 'aliter
1107 465 1232 508 atque
1268 455 1388 496 aliter
1416 455 1510 496 *fore
1545 465 1828 511 comparatam
1853 486 1865 506 ‚

407 522 567 563 nullum
613 520 667 560 est
700 519 886 562 dubium.
952 518 1097 571 Itaque
1136 520 1358 573 descriptio
1386 519 1495 559 -haee
1531 520 1631 560 nulli
1668 520 1866 565 calculo,

406 596 574 641 praeter
610 588 861 636 praesentem
883 612 894 631 ‚
930 584 1072 625 exacte
1108 584 1364 634 conueniet3
1400 584 1463 623 sed
1497 594 1607 636 quot
1642 591 1864 624 occurrent

408 649 666 691 calculorum
702 647 938 700 speci-mina,
977 656 1040 688 tot
1073 651 1200 691 etiam
1236 647 1529 700 descriptiones
1565 647 1717 689 confici
1753 656 1864 701 pote-

404 724 517 755 runt.
586 711 648 752 Vt
701 720 838 752 autem
877 712 1137 754 innotescant
1171 712 1478 766 proprietates,
1530 713 1724 753 omnibus
1757 713 1866 752 eius-

407 777 525 818 modi
571 769 875 816 concrement-is
909 786 1163 817 communes
1185 806 1195 824 ‚
1251 788 1333 815 non
1366 787 1474 815 -vnus
1508 776 1574 815 wel
1610 777 1747 823 alter,
1792 774 1863 815 sed

405 841 543 896 plures
587 839 685 881 tales
731 838 876 879 calculi
920 838 1105 881 chemice
1141 840 1233 879 sunt
1268 839 1560 891 examinandi3
1611 840 1699 880 sola
1741 839 1863 879 enim

407 904 575 946 criteria
629 902 816 943 chemica
863 902 1083 941 relationes
1120 916 1264 944 eorum
1303 904 1349 943 ad
1389 905 1594 944 menstrua
1631 915 1673 944 et
1708 903 1862 943 horum

408 970 456 1009 ad
504 969 600 1009 illos
638 967 882 1013 ostendere,
936 976 1059 1018 atque
1095 966 1146 1006 fic
1181 968 1376 1007 intimam
1414 967 1670 1007 calculorum
1708 979 1866 1007 conue-

408 1033 609 1074 nientiam
665 1032 730 1071 seu
782 1031 1101 1084 discrepantiam
1152 1028 1325 1070 reddere
1369 1031 1509 1070 valent
1545 1040 1700 1070 certam
1740 1041 1863 1083 atque

407 1097 673 1151 perspeelam.
738 1094 860 1135 Hune
911 1096 952 1134 in
1000 1093 1132 1135 finem
1177 1105 1272 1134 eum
1317 1092 1522 1146 descripto
1559 1106 1667 1133 nunc
1702 1094 1865 1134 calculo

408 1161 541 1212 aliqua
572 1160 655 1201 ¹feci
689 1158 884 1211 pericula,
921 1171 1051 1211 quae,
1096 1167 1144 1198 vt
1178 1157 1411 1210 comparari
1449 1156 1598 1212 possin-t
1632 1156 1727 1200 cum
1762 1157 1863 1200 alio-

406 1238 500 1266 rum
537 1223 868 1279 experimentis,
904 1222 1083 1264 fideliter
1117 1222 1186 1263 hic
1217 1220 1434 1263 enarrabo.

814 1337 1301 1416 Experimentum
1347 1359 1386 1393 1.

595 1422 817 1466 Albiffimo
851 1426 1038 1479 pulueri,
1087 1438 1209 1479 quem
1242 1424 1440 1466 ferrando
1472 1434 1620 1464 vmeum
1655 1423 1865 1468 calculum

405 1487 590 1535 obtinui,
628 1487 752 1529 affudi
791 1490 954 1530 acidum
991 1490 1178 1543 vitri0113
1229 1490 1339 1531 nulla
1375 1489 1445 1530 sub
1481 1488 1557 1528 hac
1591 1491 1866 1530 commixtio-

405 1564 458 1592 ne
493 1561 585 1590 orta
619 1552 673 1590 est
709 1551 1043 1603 efferuescentia‚
1096 1565 1140 1594 et
1182 1554 1317 1608 puluis
1369 1554 1481 1594 breui
1535 1565 1654 1592 mora
1689 1554 1737 1594 ad
1773 1555 1867 1592 fun-

408 1615 508 1654 dum
547 1615 648 1655 vitri
682 1614 883 1665 subsedit,
920 1617 1149 1670 mansitque
1181 1617 1415 1658 albissimus.
1486 1617 1607 1658 Lenis
1633 1617 1743 1656 calor
1766 1616 1865 1657 huic

409 1678 603 1720 miscelae
639 1678 863 1732 applicatus
898 1681 1046 1720 statum
1085 1681 1171 1720 eius
1209 1684 1444 1733 neutiquam
1499 1680 1703 1731 mutauit3
1755 1680 1867 1720 addi-

407 1744 471 1783 tio
507 1754 635 1795 aquae
672 1756 748 1795 pro
784 1744 982 1785 diluendo
1016 1744 1133 1784 acido
1168 1744 1403 1789 viu-iolico,
1439 1744 1573 1782 sonan
1622 1744 1744 1783 nimis
1781 1745 1868 1785 for-

406 1809 464 1856 ti,
500 1816 545 1845 vt
580 1806 801 1860 putabam,
847 1807 1247 1869 nullumfiproduxit
1281 1808 1499 1853 effectum,
1554 1807 1760 1860 nullisque
1797 1808 1868 1848 ad·-

407 1870 618 1911 miniculis
655 1871 814 1912 acidum
851 1872 933 1912 hoc
969 1872 1146 1912 suscitari
1201 1873 1368 1924 potuit,
1420 1883 1467 1912 vt
1500 1871 1540 1910 in
1577 1871 1790 1924 puluerem
1827 1886 1868 1915 a·

409 1943 547 1986 geret3
581 1934 621 1974 id
657 1938 769 1987 quod
803 1937 961 1978 ‘iteratis
995 1936 1288 1978 tentaminibus
1322 1936 1453 1991 probe
1490 1936 1682 1990 cognoui,

853 2029 1332 2109 Experimentum
1377 2049 1422 2100 2,

597 2113 781 2155 Acidum
821 2117 918 2156 nitri
955 2120 1093 2159 eidem
1130 2118 1287 2171 pnlucri
1329 2120 1495 2159 affusum
1536 2116 1647 2156 illico
1684 2126 1784 2154 >cum
1824 2116 1864 2155 in

410 2177 628 2227 grumulos
666 2180 826 2233 coegit,
877 2193 974 2223 cum
1012 2195 1089 2236 que
1126 2183 1249 2222 nimis
1286 2185 1394 2224 soi-te
1429 2181 1663 2227 videretur,
1717 2180 1864 2219 additis

1791 2243 1864 2282 ali-
