1972 2688
542 181 660 231 »2³3ss
723 175 918 234 )247(
977 178 1093 230 &3³3⁴-

602 295 1021 348 OPTIMA

340 407 824 456 METHODVS
893 401 1292 450 PARANDI

180 513 952 589 AMALGAMA
1036 507 1459 583 CVPRI.

720 798 949 843 Auctore

464 892 750 956 NICAETA
795 889 1175 939 SOCOLOFF.

102 1357 344 1474 Cuprum
377 1363 559 1406 omnium
592 1361 868 1417 metallorum,
907 1361 996 1419 post
1027 1362 1211 1419 regulum
1244 1363 1453 1406 antimonii
1485 1373 1544 1405 at-

228 1443 305 1485 que
356 1428 524 1481 ferrum,
573 1426 800 1469 difficillime
850 1425 1012 1467 soluitur
1046 1428 1086 1467 in
1120 1429 1338 1481 mercurio,
1387 1439 1427 1468 et
1474 1440 1552 1467 nec

104 1493 173 1534 nisi
224 1491 424 1547 proti-afta
472 1490 655 1533 coffione
688 1505 735 1531 ac
769 1487 900 1530 sedula
949 1490 1198 1531 trituratione
1241 1491 1281 1531 in
1329 1489 1556 1545 amalgama

100 1555 284 1596 'conuerti
340 1554 487 1610 potest3
534 1567 679 1596 verum
730 1552 837 1594 idem
887 1552 1112 1606 metallum,
1155 1552 1327 1595 solutum
1361 1554 1402 1594 in
1437 1551 1561 1593 acidis

104 1615 345 1673 quibusdam
397 1617 672 1671 numeralibus,
724 1616 936 1673 postquam
976 1630 1032 1657 ex
1074 1617 1122 1657 iis
1156 1631 1228 1672 per
1277 1615 1561 1658 intermedium

107 1693 309 1721 certorum
343 1679 617 1734 metallorum,
650 1694 796 1736 nempe
837 1678 950 1734 ferri,
998 1678 1065 1720 vel
1096 1680 1203 1720 zinci
1236 1691 1305 1720 aut
1338 1679 1464 1720 stanni
1498 1676 1563 1716 fu-

105 1745 180 1784 erit
214 1743 517 1798 praecipitatum
531 1779 541 1796 ‚
594 1742 722 1784 multo
757 1743 952 1783 maiorem
1003 1743 1170 1797 acquirit
1216 1755 1311 1782 cum
1362 1740 1563 1780 mercurio

107 1805 360 1857 affinitatem,
394 1816 433 1845 et
466 1804 579 1845 facile
602 1807 652 1845 ab
681 1820 731 1845 eo
764 1815 1007 1859 penetratur.
1074 1802 1298 1857 Singularis
1332 1801 1451 1843 huius
1474 1815 1566 1843 mu-

109 1866 271 1908 tationis
306 1867 519 1921 praecipua
553 1866 668 1906 causa
699 1866 858 1907 videtur
891 1865 968 1907 effe
1009 1866 1227 1906 attenuatio
1278 1875 1399 1920 atque
1447 1864 1565 1921 phlo-

112 1929 245 1984 gistica
278 1929 462 1979 materia,
513 1942 569 1968 ex
605 1927 866 1969 solutionibus
894 1927 1093 1969 cmm-um
1126 1927 1381 1969 metallorum
1413 1941 1487 1984 per
1517 1941 1561 1967 a·

112 1990 221 2043 eida‚
272 1988 340 2030 sub
389 1989 514 2046 specie
564 1990 674 2031 fluidi
723 1990 865 2031 elastici
910 1989 1067 2046 copiose
1111 1990 1325 2044 exhalans,
1378 2004 1483 2045 quae
1522 1990 1563 2030 in

116 2053 371 2110 praecipitata
404 2052 467 2093 illa
499 2051 628 2109 Cupri
650 2052 774 2095 Calce
805 2052 883 2094 sese
913 2053 1014 2108 figit,
1047 2052 1159 2095 soluit
1190 2055 1277 2095 eius
1308 2054 1565 2107 mixtionem,

118 2128 159 2157 et
188 2115 444 2157 transformat
477 2114 649 2171 denique
699 2131 790 2158 eam
824 2117 863 2156 in
895 2116 1354 2172 metallico-regulinam
1389 2114 1564 2157 substan-

118 2180 225 2221 tiam.
304 2179 415 2221 Hinc
441 2178 508 2235 fit,
554 2179 664 2236 quod
696 2179 765 2224 sub
797 2181 1124 2237 praecipitatione
1174 2181 1308 2236 cupri,
1355 2192 1440 2221 tam
1467 2178 1567 2219 ferri

1439 2252 1568 2299 quam
