1972 2688
855 170 969 217 »zm-te
1033 160 1050 219 )
1087 168 1178 215 256
1213 164 1229 224 (
1294 169 1409 219 &3230-

407 281 613 325 curatione
649 280 746 320 haec
782 276 960 335 pericula
993 278 1213 335 instituisse,
1259 274 1522 338 praecipitata
1558 281 1686 340 probe
1718 284 1880 329 edulco-

406 345 505 388 rafl'e
540 358 579 387 et
632 357 735 399 quae
784 340 874 384 sunt
924 341 1098 400 reliqua,
1149 359 1201 386 ne
1246 343 1428 388 dubitent
1480 345 1669 402 lestores,
1724 351 1880 405 quaeso.

405 410 573 452 Pondus
607 424 630 450 a
663 421 731 448 me
766 405 984 448 adhibitam
1024 410 1280 451 centenarius
1315 410 1394 464 est,
1429 422 1594 453 centum
1629 411 1749 455 libras
1783 428 1881 456 con-

407 476 549 515 tinens.
616 473 743 515 Hunc
776 485 877 513 vero
911 473 1055 514 vnciae
1091 472 1297 528 dimidiae,
1340 474 1485 516 libram
1518 478 1637 532 igitur
1670 476 1752 519 duo
1786 492 1880 519 cum

404 542 420 587 ξ
456 536 540 577 fere
575 536 710 593 granis
747 536 958 592 aequalem
992 536 1088 591 feci,
1129 549 1174 580 vt
1204 537 1243 580 id
1278 538 1389 595 quod
1425 538 1494 582 sub
1529 540 1610 598 ipsa
1644 543 1880 600 operatione

407 599 624 643 necess'ario
660 599 914 659 perderetur,
948 600 1096 644 nullius
1130 604 1328 645 momenti
1364 602 1468 646 ess'et.

663 711 721 760 A.
755 710 974 761 Marmor
1012 713 1270 764 Sibiricum
1304 714 1484 765 coloris
1519 715 1626 765 albi.

597 825 634 885 ᾗ.
668 839 706 883 4.
771 826 993 883 Reperitur
1027 825 1077 868 ad
1110 827 1332 869 Stannovoi
1376 842 1507 885 prope
1542 825 1881 869 Catharinaebur-

407 905 526 947 gum,
561 893 669 932 niuei
705 890 760 932 est
792 889 959 944 coloris,
990 902 1176 933 texturae
1211 890 1433 948 spataceae‚
1466 906 1562 934 cum
1594 890 1717 934 acidis
1750 892 1880 933 mine-

409 955 559 997 ralibus
596 955 750 997 sortiter
784 952 1007 997 efferuescit
1041 965 1080 996 et
1114 966 1279 1011 propter
1312 954 1499 1001 duritiem
1549 956 1745 1012 insignem
1777 953 1880 1014 poli-

411 1032 545 1062 turam
580 1018 753 1075 affumit,
786 1034 862 1061 nec
895 1032 1032 1061 tamen
1064 1017 1233 1073 chalybe
1267 1017 1455 1062 scintillat.

868 1145 1344 1225 Experimentum
1393 1166 1434 1199 1.

600 1232 637 1289 §.
675 1245 708 1286 5.
786 1231 1056 1274 Centenarius
1109 1232 1326 1274 marmoris
1378 1227 1682 1272 Stannouienfis
1738 1225 1882 1284 pulue-

412 1296 514 1339 risati
548 1311 643 1338 cum
678 1311 806 1352 aquae
844 1296 1058 1338 destinatae
1103 1298 1231 1338 vnciis
1276 1307 1450 1351 quatuor
1486 1294 1528 1335 in
1580 1292 1788 1334 cuburcita
1819 1292 1885 1333 vi-

412 1375 497 1402 trea
531 1360 686 1402 fortiter
721 1361 991 1417 coquebatur,
1028 1360 1214 1402 lixiuium
1249 1358 1433 1401 filtrando
1469 1357 1745 1416 separabatur,
1790 1354 1885 1397 refi-

413 1424 540 1467 duum
574 1439 681 1466 noua
717 1439 823 1481 aqua
857 1423 980 1465 affusa
1013 1425 1074 1466 bis
1108 1426 1254 1467 iterum
1302 1422 1486 1465 coffione
1529 1422 1758 1478 Vrgebatur.
1825 1417 1884 1463 Ε-

413 1491 679 1546 vaporatione
719 1490 891 1530 instituta
928 1488 1026 1530 haec
1061 1488 1200 1530 lixiuia
1235 1504 1286 1531 ne
1321 1486 1512 1529 miculam
1561 1484 1730 1525 selenitis
1764 1495 1883 1538 prae-

414 1554 648 1608 cipitarunt3
699 1551 764 1592 illa
797 1563 933 1593 autem
967 1552 1017 1592 ad
1051 1553 1264 1595 siccitatem
1308 1552 1541 1593 continuata
1593 1560 1722 1591 terrae
1769 1543 1883 1586 albae

419 1615 644 1668 calc-areae,
680 1616 897 1671 parietibus
933 1616 1025 1656 vitri
1059 1615 1331 1671 adhaerentis,
1376 1614 1487 1656 nulla
1536 1611 1729 1656 aciditatis
1762 1608 1880 1652 vesti-

417 1681 481 1736 gia
516 1679 793 1735 monstrantis,
827 1679 946 1722 libras
982 1680 1136 1722 circiter
1171 1679 1270 1722 duas
1305 1679 1470 1722 obtinui.

852 1806 1337 1886 Experimentum
1383 1826 1429 1866 2.

603 1894 639 1951 §.
696 1896 733 1936 6.
820 1892 1054 1936 Frustulum
1106 1896 1339 1949 marmoris,
1407 1891 1597 1952 ponderis
1648 1885 1885 1940 centenarii,

418 1958 510 2012 igne
546 1971 686 2013 aperto
722 1958 963 1999 calcinatum
1018 1958 1135 2000 libras
1188 1961 1328 2015 viginti
1379 1957 1569 2016 perdidit,
1623 1968 1695 2012 per
1745 1951 1884 2019 decem

418 2020 539 2062 horas
574 2036 674 2064 vcro
708 2024 788 2063 acri
839 2023 1090 2079 expositum,
1142 2022 1261 2065 libras
1296 2024 1475 2080 quinque
1525 2018 1656 2063 rursus
1691 2012 1882 2071 pond&lS

419 2098 684 2139 augmentum
737 2085 828 2126 indc
880 2085 1071 2143 resorplit.
1157 2087 1306 2143 Aquae
1357 2086 1522 2144 frigidae
1564 2079 1690 2123 vnciis
1727 2076 1882 2118 duabus

419 2147 483 2188 vcl
519 2151 758 2192 centenariis
793 2160 968 2206 quatuor
1001 2148 1236 2206 immissum,
1289 2151 1387 2193 haec
1436 2145 1654 2189 sensibilem
1705 2140 1883 2182 calorem

421 2225 503 2252 non
539 2213 728 2269 ass'umfit,
781 2230 966 2256 cremore
1001 2215 1120 2258 calcis
1151 2227 1289 2257 autem
1323 2211 1580 2265 induebatur,
1631 2217 1671 2249 et
1701 2217 1882 2275 marmer

1843 2281 1884 2308 m
