1972 2688
533 151 663 206 4»ἓέ
724 147 864 207 )231
906 145 922 207 (
987 148 1099 201 &123⁴-

104 271 234 330 pofita
268 277 308 314 et
342 267 538 325 excipulo
573 268 713 309 vucias
757 265 854 308 duas
899 276 1024 318 aquae
1058 261 1276 306 destillatae
1312 262 1555 304 continente

105 338 288 385 munita,
324 337 515 384 trihorio,
553 346 626 387 per
660 334 807 385 gradus
842 330 961 370 aucto
996 330 1090 381 igue
1125 341 1249 382 Vsque
1284 328 1384 369 adeo
1409 326 1560 366 cande-

104 403 208 450 feci,
258 411 303 441 vt
345 402 503 440 vitrum
553 407 733 438 retortae
770 395 1006 435 emollitum
1053 392 1285 433 subsideret.
1350 388 1452 431 Vidi
1490 387 1560 428 sub

105 465 276 506 initium
311 462 594 506 destinationis
641 459 808 511 aliquod
859 468 990 509 guttas
1044 456 1236 510 limpidas
1285 454 1564 506 exstillantes3

104 528 231 570 secuti
282 529 375 569 dein
420 536 617 578 vapores,
668 524 742 575 qui
790 521 970 561 auc‘tiore
1006 520 1140 562 calore
1177 522 1217 560 in
1252 528 1436 560 retortae
1470 517 1563 571 qui-

106 595 198 634 dem
237 603 342 631 cavo
379 589 551 630 nebulae
586 585 872 639 phosphoreae
920 584 1042 624 instar
1094 591 1392 637 apparuerunt3
1444 591 1485 624 at
1520 582 1564 622 in

107 655 217 695 collo
261 664 442 695 retortae
500 650 612 691 haud
654 649 919 701 inronspicuo
953 647 1109 686 lumine
1145 646 1351 686 lucebant.
1437 646 1563 697 Aqua

107 715 286 771 excipuli
320 713 755 756 flauescenti-turbida
789 712 911 758 fad’ca,
947 710 1132 761 saporem
1170 719 1212 748 et
1245 707 1423 750 odorem
1454 708 1562 749 acidi

106 781 305 834 sulphuris
341 779 521 820 volatilis
558 777 780 832 prodebat,
821 772 1077 826 reagentibus
1124 773 1231 834 idem
1272 771 1560 812 annuentibus.

106 845 251 896 ltaque
286 843 429 890 calor,
466 854 550 896 quo
583 841 742 880 vitrum
798 847 979 878 retortae
1032 836 1244 878 mollitum
1289 836 1367 886 est,
1419 834 1563 891 expel-

106 907 231 949 lendo
266 906 508 963 phosphoro
542 906 625 945 non
662 901 887 944 suffecerat.

527 1028 998 1107 Experimentum
1043 1046 1136 1108 14.

292 1131 328 1177 ξ.
369 1139 436 1176 19.
504 1125 726 1167 Refiduum
764 1140 786 1167 a
820 1127 1008 1168 coitione
1056 1123 1351 1181 Experimenti
1393 1125 1565 1168 vndeci-

106 1193 193 1245 mi,
231 1193 345 1233 cuius
381 1189 538 1243 pondus
572 1190 813 1231 drachmam
844 1200 884 1231 et
916 1190 1151 1244 quindecim
1187 1203 1316 1244 grana
1348 1191 1564 1242 aequabat,

107 1255 236 1298 nullas
273 1253 495 1308 particulas
539 1254 690 1295 ferreas
743 1254 894 1304 edidit,
944 1266 1044 1294 cum
1081 1254 1206 1295 acidis
1242 1265 1345 1294 vero
1375 1253 1487 1294 ‘lente
1521 1260 1563 1293 et

106 1321 176 1360 diu
213 1316 471 1358 fetuesccbat.
535 1315 726 1356 Indolem
784 1325 918 1357 terrae
972 1316 1264 1371 exploraturus
1301 1328 1427 1358 omne
1462 1315 1567 1358 illud

109 1382 311 1423 refiduum
348 1380 390 1419 in
426 1378 591 1430 spiritus
628 1379 718 1421 salis
761 1379 993 1430 semuncia,
1043 1381 1169 1435 triplo
1217 1392 1344 1433 aquae
1388 1379 1565 1421 destilla-

107 1454 169 1485 tae
205 1444 364 1490 diluto,
407 1442 532 1491 solui,
583 1443 695 1497 quod
733 1443 858 1483 etiam
894 1444 977 1484 fine
1011 1443 1147 1484 calore
1179 1447 1340 1497 optime
1374 1442 1567 1484 succeffit.

105 1506 207 1549 Inde
242 1519 313 1559 per
347 1504 592 1547 solutionem
644 1506 732 1547 salis
785 1507 923 1547 tartari
975 1509 1240 1562 praecipitata
1287 1517 1399 1548 terra
1443 1506 1569 1547 sordi-

106 1570 158 1612 de
191 1570 310 1618 alba,
364 1569 476 1622 quasi
509 1570 734 1620 lutulenta,
787 1570 877 1623 post
914 1570 1272 1612 edulcorationem
1315 1570 1566 1623 septuaginta

106 1645 333 1687 grauorum
371 1632 533 1686 pondus
570 1636 763 1688 aequauit
796 1642 838 1672 et
873 1646 969 1673 cum
1006 1635 1132 1676 acidis
1165 1645 1262 1675 tunc
1297 1635 1414 1688 pigre
1448 1632 1566 1671 effer-

106 1696 210 1739 buit.
280 1693 406 1737 Nulla
440 1696 567 1748 igitur
619 1707 728 1740 terra
779 1696 911 1739 silicea
944 1698 1097 1752 adfuit5
1128 1698 1208 1741 -sed
1245 1710 1295 1738 ne
1330 1694 1565 1748 argillacea,

108 1760 137 1800 fi
174 1760 362 1813 adforet,
397 1759 551 1802 lateret.

545 1880 1026 1960 Experimentum
1072 1904 1089 1938 ι
1102 1901 1145 1964 5.

300 1978 426 2034 Quod
462 1980 673 2034 reliquum
712 1991 822 2030 erat,
877 1982 1080 2022 methodo
1114 1981 1435 2034 Bergmanniana
1469 1993 1568 2023 can-

112 2041 266 2094 defeci,
310 2056 357 2085 vt
392 2044 610 2097 argillacea
643 2057 736 2099 pars
770 2045 982 2086 durescens
1019 2045 1156 2087 minus
1191 2045 1424 2087 redderetur
1459 2045 1565 2089 solu-

113 2106 220 2148 bilis.
304 2106 443 2149 Postea
496 2107 620 2148 affudi
673 2109 776 2149 aceti
831 2109 1015 2150 destillati
1053 2118 1134 2149 tres
1170 2109 1310 2148 vncias
1353 2118 1393 2149 et
1429 2107 1563 2161 digeffi

112 2169 286 2228 leniter,
338 2171 586 2216 solutionem
620 2184 722 2215 vero
756 2171 869 2215 filtro
906 2173 1118 2215 traiee'tam
1168 2172 1304 2214 adfusa
1356 2172 1565 2214 solutione

1476 2236 1564 2278 salis
