1972 2688
188 1174 279 1211 '’rab.
315 1179 340 1211 1.

213 1225 282 1275 fig.
311 1237 340 1271 ς.

875 145 988 198 »ἓεξξ
1050 142 1066 202 )
1105 156 1160 184 20
1197 138 1213 198 (
1274 139 1390 192 ἔξω

390 268 461 311 dat
503 274 544 308 et
580 266 621 308 in
659 275 817 307 errores
869 260 1046 301 seducat.
1116 255 1408 312 Quamobrem
1445 257 1564 312 saepe
1602 263 1644 298 et
1679 255 1860 298 multum

392 345 560 374 mecum
598 330 804 385 cogitaui,
855 335 994 364 annon
1047 322 1187 364 eadem
1239 320 1525 375 symptomata
1561 320 1765 362 methodo
1802 320 1862 362 fa·

391 396 530 438 ciliori
581 407 634 434 ex
683 389 829 444 primis
875 387 1096 428 elementis
1146 386 1328 427 deriuari
1362 396 1538 439 queant,
1593 386 1651 426 ita
1694 395 1739 426 vt
1776 397 1860 430 non

390 473 496 515 opus
549 459 596 498 fit
657 454 807 508 figuras
864 461 1085 506 tantopere
1140 451 1418 504 complicatas
1455 459 1497 490 et
1549 450 1862 504 propemodum

388 519 697 568 inextricabiles
734 516 1007 560 confiderare.
1074 515 1153 557 His
1189 514 1386 557 omnibus
1423 511 1730 555 difficultatibus
1765 526 1862 568 pro-

389 590 440 630 be
477 583 690 640 perpensis
721 582 891 623 tandem
929 579 1156 636 perspexi,
1191 587 1333 621 totum
1372 579 1586 632 negotium
1621 578 1713 622 satis
1746 590 1864 618 com-

389 651 516 694 mode
554 650 604 690 ad
638 645 1032 701 Trigonometriam
1085 642 1343 699 sphaericam
1379 642 1569 683 reuocari
1605 650 1729 694 atque
1763 641 1865 683 adeo

387 715 522 757 multo
557 712 717 766 plenius
754 710 924 753 tractari
959 710 1096 765 posse,
1148 720 1276 761 quam
1325 706 1495 762 quidem
1532 704 1735 749 methodo
1768 705 1864 746 vul-

391 780 481 834 gari
514 777 607 820 fieri
644 776 756 818 licet.

576 920 610 969 ξ.
649 932 688 959 2.
740 916 856 960 Ante
889 925 1027 960 autem
1064 914 1253 959 ludolem
1289 914 1441 958 harum
1477 914 1680 958 linearum
1716 924 1864 956 curua-

390 997 512 1034 rum,
548 986 590 1026 in
625 995 779 1037 genere
815 983 987 1031 saltem,
1023 994 1143 1023 more
1176 981 1299 1022 solito
1335 980 1584 1022 considerari
1621 981 1863 1026 conueniet,

392 1061 516 1102 quam
553 1058 686 1090 totam
724 1047 1012 1100 quaestionem
1070 1046 1119 1086 ad
1170 1046 1402 1087 doetrinam
1442 1043 1695 1097 sphaericam
1735 1053 1870 1083 trans·

395 1114 501 1154 ferre
555 1123 765 1166 queamus.
852 1106 1105 1151 Constitutis
1155 1108 1282 1163 igitur
1320 1121 1397 1162 pro
1435 1108 1573 1150 lubitu
1610 1106 1738 1148 ternis
1775 1107 1867 1147 axi-

395 1177 470 1219 bus
508 1176 620 1217 inter
655 1175 694 1215 se
732 1173 988 1216 normalibus
1026 1170 1068 1214 O
1092 1172 1152 1220 A,
1190 1169 1310 1223 OB,
1348 1168 1470 1219 OC,
1510 1174 1552 1213 in
1585 1170 1740 1224 puncto
1775 1167 1866 1209 fixo

399 1239 441 1282 O
476 1239 846 1287 concurrentibus,
898 1237 945 1277 fit
975 1233 1013 1276 Z
1047 1237 1250 1290 punc'lum
1301 1235 1583 1290 quodcunque
1636 1233 1728 1275 talis
1773 1245 1870 1274 cur-

397 1317 500 1355 vae,
547 1305 663 1346 cuius
700 1303 797 1344 situs
832 1303 1134 1343 determinetur
1169 1313 1243 1354 per
1281 1311 1416 1342 ternas
1453 1298 1721 1341 coordinatas

593 1391 841 1442 Osz,
875 1390 1106 1445 XYzy,
1141 1390 1378 1440 YZ:z‚

406 1474 555 1516 axibus
590 1474 674 1516 illis
712 1473 953 1528 parallelas,
1006 1475 1116 1514 inter
1151 1487 1251 1526 quas
1286 1473 1440 1515 duabus
1475 1472 1790 1526 aequationibus
1826 1483 1872 1512 o-

401 1552 478 1593 pus
516 1539 594 1579 erit
627 1540 674 1579 ad
712 1537 893 1579 indolem
930 1550 1083 1579 curuae
1118 1539 1349 1591 propofitae
1386 1537 1731 1590 exprimendam,
1766 1548 1872 1590 quo-

401 1603 514 1643 niam
550 1615 629 1656 pro
667 1603 811 1654 quauis
849 1601 1009 1640 abscissa
1045 1600 1292 1649 OX:x‚
1345 1611 1519 1654 vtraque
1554 1601 1810 1653 reliquarum
1837 1611 1872 1649 y

403 1675 446 1706 et
481 1678 507 1706 z
543 1665 724 1720 affignari
761 1664 898 1712 debet,
934 1674 980 1703 vt
1015 1666 1215 1719 punCtum
1265 1663 1301 1705 Z
1346 1666 1672 1706 determinatum
1723 1664 1867 1703 locum

404 1728 605 1771 obtineat.
647 1726 812 1770 Omnes
845 1737 986 1767 antem
1025 1730 1296 1781 quaestiones,
1332 1741 1432 1781 quae
1459 1727 1567 1768 circa
1593 1727 1694 1767 tales
1720 1737 1868 1768 curuas

403 1794 586 1849 proponi
620 1794 809 1848 possunt,
835 1792 875 1831 in
900 1803 1054 1843 genere
1081 1792 1162 1833 huc
1187 1793 1378 1840 redeunt,
1416 1801 1459 1831 vt
1494 1794 1633 1844 primo
1662 1803 1742 1844 pro
1768 1801 1875 1843 quo·

404 1859 466 1897 vis
500 1858 654 1911 puncto
689 1854 727 1897 Z
764 1855 917 1910 positio
971 1858 1175 1910 tangentis
1229 1856 1414 1910 respeetu
1468 1865 1687 1896 ternorum
1724 1856 1869 1895 axium

405 1920 638 1963 definiatur.
706 1919 873 1961 Deinde
909 1931 1008 1962 vero
1046 1921 1169 1961 ctiam
1207 1920 1303 1961 bina
1339 1931 1491 1960 curuae
1529 1918 1736 1960 elementa
1772 1928 1872 1959 con·

407 1984 522 2037 tigna
557 1984 806 2024 considerari
841 1982 1015 2032 debent,
1067 1997 1193 2038 quae,
1229 1995 1433 2037 quatenus
1471 1995 1556 2025 non
1592 1984 1633 2023 in
1665 1982 1867 2023 directum

407 2048 566 2095 iacent,
615 2056 776 2086 certum
819 2047 989 2099 planum
1041 2048 1402 2096 determinabant,
1453 2049 1567 2087 cuius
1619 2044 1873 2098 pontionem

409 2111 591 2163 respec'tu
630 2111 799 2158 axium,
849 2110 916 2148 vel
951 2111 1133 2164 respectu
1171 2123 1390 2152 ternorum
1429 2109 1649 2162 planorum
1691 2105 1868 2155 AOB,

409 2170 566 2217 BOC
602 2184 645 2215 et
680 2169 840 2216 COA
876 2173 1111 2229 inuestigari
1144 2183 1325 2232 oportet.
1394 2171 1593 2227 Denique
1629 2173 1753 2213 etiam
1795 2182 1871 2210 ne—

1773 2235 1874 2276 ceffe
