1972 2688
558 162 672 215 »⁰523
734 159 924 229 ins(
991 163 1105 227 &tem

110 274 231 332 plane
273 275 544 319 emolumenti
582 274 828 315 redundaret
862 276 908 316 ad
943 271 1159 328 problema
1195 275 1454 327 propositum
1497 291 1557 318 re-

108 339 367 388 soluendum,
405 340 736 392 quandoquidem
772 339 819 380 ad
855 338 1101 378 solutionem
1140 338 1359 389 perfec'tam
1398 339 1445 378 ad
1486 342 1564 379 mi-

55 401 58 405 ’
108 405 272 446 nimum
311 404 466 458 duplex
500 403 720 456 integratio
755 402 1048 454 requireretur.
1117 397 1227 442 Cum
1266 413 1404 442 autem
1438 402 1557 442 talem

108 468 356 509 solutionem
394 467 589 508 hactenus
626 465 771 506 frustra
807 467 1013 504 tentassem
1036 494 1046 512 ,
1100 464 1204 505 mihi
1240 466 1409 517 quidem
1448 467 1561 507 nulla

110 531 190 572 alia
236 534 302 572 via
338 531 534 585 supereffe
566 528 732 568 videtur
767 527 813 567 ad
848 527 960 567 hunc
994 536 1158 567 motum
1195 530 1561 580 cognoscendum,

107 595 181 635 nifi
215 605 262 635 vt
298 607 353 635 ex
389 593 485 646 ipsis
517 590 824 643 aequationibus
860 589 1114 630 differentio-
1136 591 1474 634 differentialibus
1502 594 1564 633 so-

109 657 312 699 lutionem
347 669 421 710 per
454 655 845 709 approximationes
877 653 1025 694 elicere
1059 665 1281 695 conemur.

258 776 614 829 Determinatio
646 787 809 827 motus
842 773 1037 840 qnaefiti
1070 774 1164 824 sine
1197 773 1407 825 subsidio

654 839 1006 904 ἰηῖεςιάῖὶοηὶς.

295 926 326 974 §.
371 937 437 974 ις.
506 925 718 981 Quoniam
771 927 853 968 hoc
900 925 1119 966 Problema
1159 925 1312 967 duabus
1347 924 1560 976 aequatio·

111 986 231 1030 nibus
266 987 603 1032 differ-curialibus
639 991 803 1032 secundi
835 991 984 1043 gradus
1020 989 1279 1039 continetur,
1296 1000 1366 1028 eae
1386 996 1563 1039 quatuor

112 1051 340 1093 constantes
375 1053 606 1096 arbitrarias
643 1056 895 1103 inuoluuntz,
930 1052 1036 1091 vnde
1073 1051 1355 1104 intelligimus,
1391 1051 1439 1090 ad
1460 1050 1561 1091 Pro-

112 1113 252 1155 blema
282 1119 445 1169 penitus
481 1117 838 1157 determinandum
878 1125 1053 1167 quatuor
1099 1115 1252 1168 requiri
1296 1115 1556 1155 conditiones

114 1178 162 1217 ab
198 1179 369 1218 arbitri-0
406 1180 544 1220 nostro
578 1182 815 1232 pendentes,
855 1180 894 1219 id
932 1179 1041 1231 quod
1078 1179 1201 1218 etiam
1239 1178 1323 1230 ipsa
1357 1177 1562 1230 quaestio-

114 1242 177 1280 nis
230 1252 374 1281 natura
424 1242 617 1282 declarat.
700 1242 810 1284 Cum
848 1245 958 1281 enim
998 1241 1118 1281 status
1155 1241 1327 1282 initialis
1364 1250 1560 1291 tanquam

116 1305 306 1355 cognitus
342 1306 511 1357 spectari
546 1306 720 1355 debeat,
755 1307 787 1345 is
822 1307 963 1358 vtique
997 1315 1171 1356 quatuor
1208 1304 1327 1346 rebus
1363 1306 1563 1346 determi-

116 1368 202 1405 nari
258 1368 587 1421 deprehenditur.
666 1368 809 1408 Primo
847 1372 960 1410 euim
998 1381 1081 1409 non
1120 1368 1256 1408 solum,
1287 1366 1561 1408 interuallum

114 1427 152 1470 B
178 1428 330 1470 ΜΖ]
373 1431 511 1471 datum
558 1430 750 1472 habuerit
785 1432 971 1473 valorem
1008 1433 1163 1473 necesse
1198 1432 1282 1481 est,
1335 1432 1399 1471 sed
1437 1431 1564 1470 etiam

114 1492 199 1532 eius
236 1503 399 1542 motus,
453 1507 535 1546 quo
571 1496 753 1548 primum
794 1496 1017 1548 procedere
1053 1496 1272 1549 inceperit.
1333 1493 1502 1536 Scilicet
1539 1494 1566 1534 fi
1602 1498 1605 1501 '

996 1553 1042 1577 ds

114 1564 252 1595 motus
288 1570 309 1596 a
340 1558 479 1608 quiete
513 1560 730 1610 inceperit,
762 1569 848 1599 tum
887 1561 964 1600 erit
995 1575 1107 1619 ᾗς
1129 1572 1182 1609 ο;
1236 1559 1291 1599 fin
1326 1568 1460 1599 autem
1497 1557 1567 1597 ba-

114 1624 211 1665 culo
244 1625 367 1666 initio
401 1626 481 1667 iam
519 1638 653 1668 certus
690 1637 826 1668 motus
863 1629 980 1669 fuerit
1014 1632 1247 1684 impressus,
1270 1630 1366 1670 hinc
1387 1628 1568 1669 formula

112 1682 157 1749 2¹7³
190 1699 350 1729 certum
386 1691 571 1732 valorem
612 1692 877 1732 nanciscetur.
942 1690 1108 1735 Deinde
1145 1695 1190 1734 in
1225 1694 1312 1746 ipso
1344 1694 1467 1733 initio
1484 1705 1564 1731 non

114 1759 246 1800 solum
300 1762 496 1813 angulum
551 1759 1014 1819 cCAzspqcertum
1062 1765 1243 1806 valorem
1281 1762 1461 1804 habuisse
1498 1773 1568 1801 ne-

119 1822 218 1861 cesse
241 1824 310 1871 est,
350 1826 413 1865 sed
449 1829 590 1874 etiam,
626 1827 678 1864 ob
699 1837 859 1866 motum
880 1826 1131 1877 impressum,
1151 1827 1336 1866 celeritas
1360 1824 1566 1877 angularis

118 1874 175 1946 “li—‘¹¹³
210 1886 353 1925 datum
401 1890 602 1938 quendam
646 1888 829 1928 valorem
877 1889 1068 1940 accipiet:
1123 1890 1257 1941 sieque
1294 1888 1457 1929 valores
1489 1888 1568 1927 ini-

120 1955 235 1996 tiales
286 1954 435 1995 harum
490 1967 667 2008 quatuor
702 1959 992 2009 quantitatum:
1032 1958 1168 2012 1⁰.)*s‚
1210 1949 1372 2018 2⁰.)}{,
1410 1951 1567 2008 30.)<D‚

118 2028 195 2079 4⁰.)
213 2017 300 2088 “J—“P,
334 2027 723 2067 determinationem
762 2027 1034 2068 Problematis
1084 2028 1364 2077 exhaurient,
1417 2027 1565 2079 quibus

120 2099 292 2151 cognitis
326 2106 457 2138 totum
494 2100 704 2151 negotium
742 2099 821 2141 huc
856 2099 986 2145 redit,
1022 2109 1067 2138 vt
1101 2100 1148 2139 ad
1186 2101 1359 2150 quoduis
1396 2109 1564 2151 tempus

122 2163 285 2217 sequens
306 2161 468 2203 valores
489 2163 708 2204 earundem
734 2174 907 2217 quatuor
926 2163 1200 2215 quantitatum
1223 2164 1486 2219 affignentur.

836 2224 882 2280 Q
916 2237 939 2274 3
1238 2241 1244 2245 ·
1418 2229 1451 2277 §·
1495 2227 1570 2266 16·
