1972 2688
551 135 666 189 »ἕέ
729 132 747 191 )
783 142 871 188 2³⁷5
908 132 925 192 (
985 134 1101 188 ἓῑι-ἐω

785 245 869 288 DE
955 270 967 287 r

605 334 1036 400 CALCVLO

142 429 872 581 ACIPENSEREf}
914 507 1504 584 STVRIONE

684 626 961 675 EXEMTO.

682 780 726 821 A
744 792 769 820 u
789 779 828 821 ἃ
846 790 872 819 o
889 791 910 819 r
926 790 950 819 e

532 875 589 919 N.
635 869 1110 920 OSERETSKOVSKY.

97 1316 291 1430 Anno
331 1392 453 1435 1783
490 1382 706 1436 hyemanti
742 1380 846 1423 mihi
878 1381 921 1424 in
955 1382 1058 1424 vrbe
1090 1379 1314 1423 Astrachan
1344 1378 1425 1424 non
1449 1379 1546 1435 pauss

100 1462 171 1490 cos
206 1451 346 1490 videre
377 1448 553 1500 contigit
587 1446 780 1497 calculos,
812 1447 883 1499 qui
919 1446 1085 1490 diuersis
1121 1445 1374 1500 temporibus
1410 1456 1465 1485 ex
1482 1444 1547 1484 di-

101 1512 222 1553 uerfis
271 1510 568 1566 Acipenserum
622 1509 830 1564 speciebus
866 1525 888 1550 a
922 1508 1191 1563 piscatoribus
1234 1508 1348 1550 fuere
1387 1505 1545 1548 exemti

101 1585 141 1616 et
175 1576 217 1616 in
253 1578 399 1617 vrbem
442 1574 550 1615 allati
575 1601 586 1621 ,
640 1574 779 1626 ibique
815 1572 921 1626 apud
957 1572 1178 1628 opulentos
1212 1581 1466 1613 mercatores
1501 1577 1543 1609 et

102 1639 207 1691 apud
243 1639 462 1691 praefectos
498 1635 610 1678 vrbis
645 1638 751 1677 inter
784 1638 972 1678 raritates
1006 1634 1311 1680 conseruantur.
1380 1630 1543 1674 Omnes

100 1701 162 1742 illi
196 1701 372 1751 calculi,
408 1709 614 1754 quotquot
648 1701 747 1744 vidi,
782 1699 996 1741 variabant
1030 1700 1137 1740 inter
1172 1698 1208 1739 se
1243 1700 1391 1745 forma,
1426 1694 1544 1734 colo-

104 1776 160 1810 re,
194 1765 474 1815 magnitudine
508 1774 548 1804 et
581 1765 779 1814 pondere.
847 1761 1075 1810 Omnium,
1125 1773 1227 1813 quos
1261 1760 1371 1806 vidi,
1407 1756 1545 1797 maxi-

103 1837 207 1872 mus,
244 1837 299 1863 ex
334 1826 499 1865 Husone
533 1828 718 1872 excisus,
754 1834 840 1864 erat
874 1827 1089 1866 vnciarum
1127 1824 1295 1863 circiter
1331 1822 1440 1870 osto,
1472 1831 1544 1860 co-

104 1886 190 1926 lore
225 1886 383 1932 fuscus,
416 1885 707 1926 scabriusculus
743 1895 863 1939 atque
896 1888 996 1927 adeo
1031 1887 1308 1937 compressus,
1361 1893 1408 1923 vt
1441 1882 1540 1922 inde

105 1950 272 1991 euaserit
316 1947 537 1989 latissimus.
601 1948 724 1988 Hunc
760 1962 782 1987 a
816 1949 1029 2001 possessore
1054 1978 1065 1996 ‚
1117 1949 1188 2000 qui
1229 1946 1406 1988 calculos
1451 1945 1541 1985 suos

107 2023 187 2051 non
225 2011 438 2051 inferiores
483 2011 559 2050 effe
594 2011 756 2064 putabat
789 2010 987 2063 lapidibus
1019 2011 1299 2059 bezoardicis,
1351 2010 1538 2050 obtinere

109 2087 190 2113 non
239 2075 381 2127 potui;
424 2073 583 2115 obtinui
618 2084 751 2114 autem
787 2074 929 2122 alium,
963 2075 1103 2127 priore
1137 2075 1270 2115 multo
1306 2074 1538 2120 minorem,

108 2150 234 2189 quem
270 2149 379 2178 nunc
411 2137 634 2179 describere
668 2138 859 2184 decreui,
910 2146 951 2178 et
982 2139 1052 2193 qui
1085 2139 1128 2179 in
1162 2137 1412 2194 Acipensere
1444 2134 1538 2175 Stu-

800 2197 839 2241 G
860 2212 886 2254 g
923 2213 947 2238 2
1419 2198 1537 2239 rione
