1972 2688
761 140 774 197 )
813 149 896 184 261
937 142 952 200 (
1017 144 1130 194 ἔρξω

125 250 373 307 porrigebat,
424 266 498 293 nec
545 253 733 296 vlteriore
773 254 1032 297 calcinatione
1067 256 1108 296 in
1142 253 1352 311 puluerem
1405 256 1577 302 subtilio—

124 328 212 355 rem
247 314 381 356 reduci
434 318 572 373 potuit.
639 316 753 359 Idem
787 334 965 360 marmor
1005 318 1242 360 subtiliffime
1269 319 1577 376 [puluerisatum

125 375 316 433 lamando,
368 379 561 436 separatio
614 382 722 423 nulla
766 385 1025 424 materiarum
1069 382 1429 438 heterogenearum
1478 384 1580 426 effici

126 443 264 496 potuit.
330 442 469 484 Portio
503 447 668 500 grossior
717 445 910 503 superstes
963 445 1220 487 mechanicae
1264 447 1464 488 diuifionis
1508 463 1579 506 pa-

124 505 226 546 tiens
261 520 362 561 erat,
396 506 568 549 lauando
602 510 748 550 iterum
780 509 993 566 puluerem
1026 509 1326 566 homogeneum
1360 511 1505 553 fistens.

309 667 346 724 ᾗ.
381 668 437 709 16.
505 666 623 710 Acidi
657 667 742 709 salis
783 667 904 708 librae
953 663 1154 705 sexdecim
1203 664 1308 706 vltra
1356 669 1579 708 centenari-

122 745 194 772 um
227 746 310 772 non
345 730 558 772 soluebant.
625 732 835 773 Lixiuium
869 726 979 768 alcali
1018 726 1278 783 phlogisticati
1329 732 1579 786 praecipitati

124 795 295 836 caerulei
348 795 490 835 libram
539 809 663 836 Vnam
711 796 852 842 cum}
895 790 1046 832 deiecit.
1134 789 1334 833 Solutioni
1389 791 1582 849 superstiti

105 857 305 910 ·alcali·T
309 859 428 898 artari
459 857 653 910 additum,
706 856 1013 913 praecipitatum
1048 853 1448 897 mucoso-albescens
1484 872 1580 913 por-

106 923 247 970 rexit-3
296 921 386 961 huic
419 920 575 961 acidum
609 919 754 961 vitrioli
788 918 987 974 copiosius
1022 916 1204 959 adfusum
1238 918 1408 976 gypsum
1443 918 1580 962 subtile

103 984 257 1026 valbum
291 984 490 1040 eripiebat.
562 985 685 1039 Aqua
717 981 871 1024 acidula
922 995 1091 1022 manens
1126 981 1245 1023 libras
1293 995 1374 1024 tres
1410 982 1578 1025 selenitis

118 1046 364 1102 flocculenti‚
414 1046 505 1089 dein
539 1048 658 1088 libras
694 1044 997 1101 quatuordecim
1028 1059 1124 1086 cum
1157 1045 1318 1087 dimidia
1352 1048 1578 1102 magnesiae

116 1110 338 1152 vitriolatae
373 1110 496 1164 dedit,
546 1124 649 1165 quae
699 1108 816 1150 libras
853 1120 932 1150 tres
975 1109 1198 1164 magnesiae
1247 1125 1372 1166 purae
1422 1112 1579 1152 circiter

109 1172 359 1213 continebat.
427 1173 583 1228 Liquor
616 1171 750 1228 spissus
785 1172 919 1213 denuo
950 1187 1164 1214 remanens
1199 1174 1286 1230 post
1330 1175 1576 1229 quatuorde-

118 1237 199 1276 cim
231 1235 385 1277 dierum
418 1235 586 1293 spatium
622 1249 661 1277 et
694 1238 887 1291 quietem⁷
936 1235 1056 1276 libras
1088 1235 1159 1277 sex
1193 1237 1458 1279 cristallorum
1490 1238 1576 1279 alu-

117 1300 238 1340 mini3
291 1298 413 1353 dedit,
465 1301 504 1340 in
537 1300 681 1354 quibus
730 1299 827 1340 libra
867 1313 948 1339 vna
984 1314 1078 1340 cum
1113 1306 1135 1350 ἑ
1160 1312 1289 1341 terrae
1339 1300 1574 1357 argillaccae

117 1362 277 1418 pondus
311 1374 404 1403 erat.
471 1362 597 1415 Quod
632 1363 773 1403 mansit
812 1362 978 1417 liquoris
1019 1362 1120 1403 acidi
1161 1363 1276 1404 alcali
1309 1364 1471 1406 Tartari
1515 1365 1573 1406 sa-

117 1427 323 1466 turabatur
356 1436 394 1466 et
427 1427 480 1467 ita
523 1439 650 1467 terrae
683 1425 915 1482 argillaceae
950 1426 1070 1468 libras
1107 1438 1301 1483 quatuor,
1337 1426 1428 1469 dein
1460 1428 1574 1471 alcali

100 1487 301 1529 'vitriolati
335 1489 540 1546 quidpiam
573 1488 687 1531 dedit.
956 1501 959 1504 ’

305 1633 341 1690 §L
377 1648 430 1690 ¹7·
496 1632 720 1675 Residnum
752 1631 1011 1675 indissolubile
1047 1631 1105 1689 (ᾗ.
1141 1631 1221 1687 16.)
1258 1648 1402 1675 arenae
1435 1647 1572 1690 quart·

115 1696 217 1739 sosae
252 1698 362 1739 rufae
398 1697 507 1738 haud
539 1697 710 1740 absimile
744 1705 838 1738 erat.
904 1697 1083 1752 Magneti
1119 1711 1201 1737 non
1238 1697 1458 1738 obediebat.
1499 1698 1569 1739 Li-

114 1760 209 1801 brae
244 1761 334 1802 oFto
368 1761 548 1802 eiusdem
582 1776 676 1802 cum
709 1759 865 1801 boracis
901 1761 1009 1802 libris
1044 1759 1184 1801 decem
1230 1759 1499 1804 fundebantur
1531 1774 1571 1804 et

113 1826 263 1864 vitrum
306 1824 520 1863 ssauclfcens
573 1825 837 1878 porrigebant.
918 1823 1114 1878 Reliquae
1141 1822 1270 1864 librae
1314 1823 1407 1865 osto
1456 1824 1568 1867 alcali

116 1887 251 1928 tartari
307 1886 414 1927 libris
477 1885 802 1939 sexdecimfusae,
867 1888 1016 1926 vitrum
1070 1885 1251 1926 eiusdem
1302 1887 1446 1929 indolis
1498 1889 1567 1930 de-

116 1949 277 2002 derunt,
311 1949 420 2005 quod
455 1948 503 1989 ad
538 1949 770 1990 contaCium
803 1950 907 1990 affris
943 1948 1249 2005 deliquescebat‚
1283 1961 1322 1992 et
1356 1965 1458 2006 aqua
1493 1966 1566 2008 pe-

116 2016 221 2054 nitus
256 2012 489 2054 soluebatur.
555 2013 687 2054 Acido
721 2012 866 2054 Vitrioli
902 2010 1040 2053 solutio
1083 2028 1166 2054 non
1214 2015 1565 2071 praecipitabatur,

118 2092 167 2117 eo
201 2088 335 2118 autem
370 2077 567 2133 copiosius
603 2076 738 2117 adfuso
774 2089 812 2117 et
846 2075 934 2116 dein
970 2074 1082 2117 alcali
1115 2083 1253 2118 a'c'rato
1290 2089 1447 2133 praeter
1482 2094 1567 2120 mo-

115 2139 432 2195 dum-saturato,
482 2140 652 2196 gelatina
688 2140 847 2195 hyalina
883 2141 1183 2194 acquirebatur,
1233 2155 1336 2196 quae
1370 2156 1474 2198 aqua
1507 2142 1566 2183 di-

852 2204 890 2244 K
910 2202 935 2243 k
967 2217 991 2258 3
1465 2204 1565 2263 luta,
