1972 2688
823 120 935 174 *ἱεῖς
996 113 1189 174 )246(
1252 114 1374 168 &a

367 233 528 279 menses
562 243 604 276 et
637 231 873 287 praesertim
906 226 1121 280 hybernus
1155 238 1292 280 neque
1326 227 1372 269 in
1407 223 1513 268 mari
1547 233 1708 277 natant,
1759 241 1831 272 ne-

367 313 450 355 que
483 300 527 341 in
562 298 714 339 fluuios
757 293 1012 345 amendant,
1063 292 1130 336 sed
1162 291 1328 334 infinito
1362 302 1546 331 numero
1579 291 1622 331 in
1658 291 1835 345 profun-

366 364 424 405 do
473 362 599 405 maris
650 368 986 413 congregantur,
1040 366 1083 399 et
1117 356 1331 399 turmatim
1366 356 1409 397 in
1443 366 1531 395 vno
1563 356 1712 398 eodem
1748 368 1832 409 que

368 429 468 469 loco
501 438 574 480 per
608 423 779 476 longum
817 422 1021 475 temporis
1058 422 1237 477 spatium
1279 417 1519 462 immobiles
1554 419 1666 472 quafi
1701 420 1836 472 quies-

367 501 494 541 cunt;
545 488 585 529 id
623 487 738 541 quod
773 485 1044 542 piscatoribus
1090 485 1148 527 est
1182 485 1456 528 notisfimum.
1523 481 1609 526 Sub
1641 474 1836 527 diuturna

367 555 442 596 ista
476 554 615 606 quiete
650 551 872 593 nascuntur
922 549 1101 592 omnino
1150 562 1296 592 eorum
1327 547 1480 590 calculi
1516 559 1573 588 ex
1607 549 1742 588 tenaci
1787 547 1840 588 li-

365 630 464 666 ma,
510 627 642 668 quem
689 612 898 657 'continuo
933 615 977 656 hi
1010 614 1137 669 pisces
1171 626 1267 655 cum
1303 625 1411 666 aqua
1456 611 1705 664 deglutiunt.
1771 607 1841 654 A-

366 695 445 734 qua
483 681 595 720 enim
634 680 759 720 maris
782 678 913 731 Caspii
947 677 1181 723 notabiliter
1215 678 1272 719 est
1296 676 1478 725 turbida
1513 674 1714 715 turbidior
1745 687 1839 716 cer-

367 756 409 786 te
444 756 571 798 quam
609 743 649 782 in
686 743 790 782 mari
826 741 1015 790 Baltico,
1048 741 1185 790 Albo,
1220 739 1395 784 Glcxciali
1428 749 1471 780 et
1505 739 1620 787 aliis,
1647 751 1752 790 quae
1777 739 1838 778 vi·

368 810 466 850 dere
503 804 603 848 mihi
639 805 825 859 contigit.
911 805 1027 847 Haec
1077 804 1264 846 chemice
1319 803 1551 845 examinata
1605 801 1839 844 ostenderet

368 872 483 913 forte
534 878 752 919 contenta,
805 868 1043 911 substantiae
1086 868 1343 910 calculorum
1396 867 1581 920 analoga.
1646 864 1837 919 Denique

369 947 466 977 eum
501 932 574 986 ipfi
604 932 668 973 illi
700 932 854 985 pisces,
890 945 937 973 ac
972 934 1205 987 praesertim
1243 929 1499 985 Carpiones,
1531 931 1571 969 in
1610 929 1693 969 aliis
1728 931 1839 983 aquis

368 1001 578 1040 immunes
629 997 772 1037 uiuant
815 995 865 1036 ab
910 996 1112 1038 eiusmodi
1161 995 1491 1044 concrementis;
1541 992 1703 1032 euidens
1758 993 1839 1042 est,

372 1074 523 1115 aquam
559 1061 681 1102 maris
712 1057 847 1113 Caspii
883 1058 1042 1100 foetam
1074 1061 1158 1102 effe
1193 1058 1393 1109 materie,
1428 1068 1534 1111 quae
1568 1055 1721 1099 incolas
1754 1057 1838 1098 elus

369 1125 535 1168 calculis
569 1125 704 1167 reddit
736 1124 961 1167 obnoxios.

1657 2185 1839 2229 OPTI-
