<?xml version="1.0" encoding="UTF-8"?>
<!DOCTYPE html PUBLIC "-//W3C//DTD XHTML 1.0 Transitional//EN"
    "http://www.w3.org/TR/xhtml1/DTD/xhtml1-transitional.dtd">
<html xmlns="http://www.w3.org/1999/xhtml" xml:lang="en" lang="en">
 <head>
  <title>
</title>
<meta http-equiv="Content-Type" content="text/html;charset=utf-8" />
  <meta name='ocr-system' content='tesseract 3.04.00' />
  <meta name='ocr-capabilities' content='ocr_page ocr_carea ocr_par ocr_line ocrx_word'/>
</head>
<body>
  <div class='ocr_page' id='page_1' title='image "./actaacademiaesci82impe_0357.png"; bbox 0 0 1972 2688; ppageno 0'>
   <div class='ocr_carea' id='block_1_1' title="bbox 566 143 1120 206">
    <p class='ocr_par' dir='ltr' id='par_1_1' title="bbox 566 143 1120 206">
     <span class='ocr_line' id='line_1_1' title="bbox 566 143 1120 206; baseline -0.004 -5"><span class='ocrx_word' id='word_1_1' title='bbox 566 150 681 203; x_wconf 55' lang='lat'>»5³³3</span> <span class='ocrx_word' id='word_1_2' title='bbox 747 146 764 206; x_wconf 85' lang='lat'>)</span> <span class='ocrx_word' id='word_1_3' title='bbox 804 159 888 202; x_wconf 78' lang='lat'>24³</span> <span class='ocrx_word' id='word_1_4' title='bbox 928 144 948 205; x_wconf 86' lang='lat'>(</span> <span class='ocrx_word' id='word_1_5' title='bbox 1003 143 1120 200; x_wconf 56' lang='lat'>&amp;3³3⁰-</span> 
     </span>
    </p>
   </div>
   <div class='ocr_carea' id='block_1_2' title="bbox 112 257 1571 494">
    <p class='ocr_par' dir='ltr' id='par_1_2' title="bbox 112 257 1571 494">
     <span class='ocr_line' id='line_1_2' title="bbox 113 257 1568 315; baseline -0.003 -10"><span class='ocrx_word' id='word_1_6' title='bbox 113 261 358 312; x_wconf 82' lang='lat' dir='ltr'>substantia,</span> <span class='ocrx_word' id='word_1_7' title='bbox 392 260 461 301; x_wconf 83' lang='lat' dir='ltr'>eui</span> <span class='ocrx_word' id='word_1_8' title='bbox 494 272 645 314; x_wconf 77' lang='lat' dir='ltr'>aquam</span> <span class='ocrx_word' id='word_1_9' title='bbox 678 258 915 315; x_wconf 57' lang='lat' dir='ltr'>supersum,</span> <span class='ocrx_word' id='word_1_10' title='bbox 966 269 1013 301; x_wconf 84' lang='lat' dir='ltr'>vt</span> <span class='ocrx_word' id='word_1_11' title='bbox 1046 258 1315 300; x_wconf 82' lang='lat' dir='ltr'>abluerentur</span> <span class='ocrx_word' id='word_1_12' title='bbox 1345 257 1568 310; x_wconf 82' lang='lat' dir='ltr'><strong>particulae</strong></span> 
     </span>
     <span class='ocr_line' id='line_1_3' title="bbox 112 319 1571 379; baseline -0.005 -11"><span class='ocrx_word' id='word_1_13' title='bbox 112 326 288 379; x_wconf 76' lang='lat' dir='ltr'>salinae,</span> <span class='ocrx_word' id='word_1_14' title='bbox 340 336 442 378; x_wconf 82' lang='lat' dir='ltr'>quas</span> <span class='ocrx_word' id='word_1_15' title='bbox 495 324 631 378; x_wconf 86' lang='lat' dir='ltr'>gustus</span> <span class='ocrx_word' id='word_1_16' title='bbox 665 324 706 364; x_wconf 91' lang='lat' dir='ltr'>in</span> <span class='ocrx_word' id='word_1_17' title='bbox 743 337 789 364; x_wconf 80' lang='lat' dir='ltr'>ea</span> <span class='ocrx_word' id='word_1_18' title='bbox 823 322 1163 376; x_wconf 83' lang='lat' dir='ltr'>deprehenderat.</span> <span class='ocrx_word' id='word_1_19' title='bbox 1229 319 1428 361; x_wconf 78' lang='lat' dir='ltr'>Ablutam</span> <span class='ocrx_word' id='word_1_20' title='bbox 1477 320 1571 361; x_wconf 84' lang='lat' dir='ltr'>dili-</span> 
     </span>
     <span class='ocr_line' id='line_1_4' title="bbox 112 382 1570 443; baseline -0.004 -14"><span class='ocrx_word' id='word_1_21' title='bbox 112 398 260 443; x_wconf 86' lang='lat' dir='ltr'>gen-ter</span> <span class='ocrx_word' id='word_1_22' title='bbox 294 387 378 429; x_wconf 89' lang='lat' dir='ltr'>leni</span> <span class='ocrx_word' id='word_1_23' title='bbox 413 387 548 429; x_wconf 75' lang='lat' dir='ltr'>calore</span> <span class='ocrx_word' id='word_1_24' title='bbox 583 386 862 428; x_wconf 81' lang='lat' dir='ltr'>exficcandam</span> <span class='ocrx_word' id='word_1_25' title='bbox 895 386 1060 438; x_wconf 85' lang='lat' dir='ltr'>curaui,</span> <span class='ocrx_word' id='word_1_26' title='bbox 1099 394 1146 426; x_wconf 81' lang='lat' dir='ltr'>vt</span> <span class='ocrx_word' id='word_1_27' title='bbox 1180 393 1318 439; x_wconf 81' lang='lat' dir='ltr'>aptam</span> <span class='ocrx_word' id='word_1_28' title='bbox 1353 382 1570 425; x_wconf 82' lang='lat' dir='ltr'>redderem</span> 
     </span>
     <span class='ocr_line' id='line_1_5' title="bbox 112 448 935 494; baseline -0.004 0"><span class='ocrx_word' id='word_1_29' title='bbox 112 452 166 494; x_wconf 82' lang='lat' dir='ltr'>ad</span> <span class='ocrx_word' id='word_1_30' title='bbox 202 453 431 493; x_wconf 77' lang='lat' dir='ltr'>tentamina</span> <span class='ocrx_word' id='word_1_31' title='bbox 464 462 560 492; x_wconf 89' lang='lat' dir='ltr'>cum</span> <span class='ocrx_word' id='word_1_32' title='bbox 596 462 644 489; x_wconf 84' lang='lat' dir='ltr'>ea</span> <span class='ocrx_word' id='word_1_33' title='bbox 680 448 935 491; x_wconf 81' lang='lat' dir='ltr'>instituenda.</span> 
     </span>
    </p>
   </div>
   <div class='ocr_carea' id='block_1_3' title="bbox 112 587 1571 853">
    <p class='ocr_par' dir='ltr' id='par_1_3' title="bbox 112 587 1571 853">
     <span class='ocr_line' id='line_1_6' title="bbox 550 587 1129 667; baseline -0.005 -21"><span class='ocrx_word' id='word_1_34' title='bbox 550 588 1026 667; x_wconf 84' lang='lat' dir='ltr'>Experimentum</span> <span class='ocrx_word' id='word_1_35' title='bbox 1074 587 1129 644; x_wconf 84' lang='lat'>6.</span> 
     </span>
     <span class='ocr_line' id='line_1_7' title="bbox 295 668 1570 729; baseline -0.002 -13"><span class='ocrx_word' id='word_1_36' title='bbox 295 671 458 716; x_wconf 85' lang='lat' dir='ltr'>Oleum</span> <span class='ocrx_word' id='word_1_37' title='bbox 492 676 637 716; x_wconf 80' lang='lat' dir='ltr'>tartari</span> <span class='ocrx_word' id='word_1_38' title='bbox 670 689 743 729; x_wconf 84' lang='lat' dir='ltr'>per</span> <span class='ocrx_word' id='word_1_39' title='bbox 777 676 1033 726; x_wconf 80' lang='lat' dir='ltr'>deliquium,</span> <span class='ocrx_word' id='word_1_40' title='bbox 1086 668 1326 712; x_wconf 75' lang='lat' dir='ltr'>instillatum</span> <span class='ocrx_word' id='word_1_41' title='bbox 1369 671 1570 714; x_wconf 80' lang='lat' dir='ltr'>solutioni</span> 
     </span>
     <span class='ocr_line' id='line_1_8' title="bbox 115 734 1571 788; baseline -0.001 -12"><span class='ocrx_word' id='word_1_42' title='bbox 115 736 290 785; x_wconf 80' lang='lat' dir='ltr'>calculi,</span> <span class='ocrx_word' id='word_1_43' title='bbox 339 739 383 777; x_wconf 92' lang='lat' dir='ltr'>in</span> <span class='ocrx_word' id='word_1_44' title='bbox 420 738 536 779; x_wconf 84' lang='lat' dir='ltr'>acido</span> <span class='ocrx_word' id='word_1_45' title='bbox 573 739 672 777; x_wconf 84' lang='lat' dir='ltr'>nitri</span> <span class='ocrx_word' id='word_1_46' title='bbox 708 737 862 781; x_wconf 65' lang='lat' dir='ltr'>factae,</span> <span class='ocrx_word' id='word_1_47' title='bbox 914 734 1114 786; x_wconf 75' lang='lat' dir='ltr'>insignem</span> <span class='ocrx_word' id='word_1_48' title='bbox 1148 734 1347 788; x_wconf 82' lang='lat' dir='ltr'>produxit</span> <span class='ocrx_word' id='word_1_49' title='bbox 1378 734 1571 776; x_wconf 83' lang='lat' dir='ltr'>efferues-</span> 
     </span>
     <span class='ocr_line' id='line_1_9' title="bbox 112 797 1085 853; baseline -0.004 -12"><span class='ocrx_word' id='word_1_50' title='bbox 112 800 319 850; x_wconf 80' lang='lat' dir='ltr'>centiam‚</span> <span class='ocrx_word' id='word_1_51' title='bbox 352 800 421 842; x_wconf 83' lang='lat' dir='ltr'>sed</span> <span class='ocrx_word' id='word_1_52' title='bbox 458 800 560 841; x_wconf 76' lang='lat' dir='ltr'>nihil</span> <span class='ocrx_word' id='word_1_53' title='bbox 594 801 748 841; x_wconf 79' lang='lat' dir='ltr'>exin-de</span> <span class='ocrx_word' id='word_1_54' title='bbox 781 797 1085 853; x_wconf 79' lang='lat' dir='ltr'>praecipitauit..</span> 
     </span>
    </p>
   </div>
   <div class='ocr_carea' id='block_1_4' title="bbox 76 919 1571 2254">
    <p class='ocr_par' dir='ltr' id='par_1_4' title="bbox 539 919 1114 997">
     <span class='ocr_line' id='line_1_10' title="bbox 539 919 1114 997; baseline -0.012 -19"><span class='ocrx_word' id='word_1_55' title='bbox 539 919 1015 997; x_wconf 82' lang='lat' dir='ltr'>Experimentum</span> <span class='ocrx_word' id='word_1_56' title='bbox 1059 932 1114 989; x_wconf 92' lang='lat'>7.</span> 
     </span>
    </p>

    <p class='ocr_par' dir='ltr' id='par_1_5' title="bbox 76 1013 1571 2202">
     <span class='ocr_line' id='line_1_11' title="bbox 297 1013 1571 1075; baseline -0.005 -13"><span class='ocrx_word' id='word_1_57' title='bbox 297 1019 519 1075; x_wconf 84' lang='lat' dir='ltr'>Postquam</span> <span class='ocrx_word' id='word_1_58' title='bbox 553 1018 825 1074; x_wconf 81' lang='lat' dir='ltr'>praecipitata</span> <span class='ocrx_word' id='word_1_59' title='bbox 848 1029 902 1057; x_wconf 85' lang='lat' dir='ltr'>ex</span> <span class='ocrx_word' id='word_1_60' title='bbox 937 1017 1056 1059; x_wconf 82' lang='lat' dir='ltr'>acido</span> <span class='ocrx_word' id='word_1_61' title='bbox 1091 1015 1179 1057; x_wconf 72' lang='lat' dir='ltr'>falls</span> <span class='ocrx_word' id='word_1_62' title='bbox 1216 1015 1451 1059; x_wconf 82' lang='lat' dir='ltr'>communis</span> <span class='ocrx_word' id='word_1_63' title='bbox 1486 1013 1571 1057; x_wconf 65' lang='lat' dir='ltr'>cai-</span> 
     </span>
     <span class='ocr_line' id='line_1_12' title="bbox 112 1078 1569 1132; baseline -0.006 -6"><span class='ocrx_word' id='word_1_64' title='bbox 112 1084 250 1126; x_wconf 81' lang='lat' dir='ltr'>culosa</span> <span class='ocrx_word' id='word_1_65' title='bbox 302 1085 495 1125; x_wconf 85' lang='lat' dir='ltr'>materies</span> <span class='ocrx_word' id='word_1_66' title='bbox 531 1082 608 1121; x_wconf 88' lang='lat' dir='ltr'>fuit</span> <span class='ocrx_word' id='word_1_67' title='bbox 654 1080 880 1129; x_wconf 74' lang='lat' dir='ltr'>exsiccata,</span> <span class='ocrx_word' id='word_1_68' title='bbox 934 1091 1030 1122; x_wconf 89' lang='lat' dir='ltr'>cum</span> <span class='ocrx_word' id='word_1_69' title='bbox 1081 1081 1274 1121; x_wconf 89' lang='lat' dir='ltr'>omnibus</span> <span class='ocrx_word' id='word_1_70' title='bbox 1330 1078 1569 1132; x_wconf 64' lang='lat' dir='ltr'>supradictis</span> 
     </span>
     <span class='ocr_line' id='line_1_13' title="bbox 112 1141 1570 1198; baseline -0.005 -10"><span class='ocrx_word' id='word_1_71' title='bbox 112 1148 241 1188; x_wconf 86' lang='lat' dir='ltr'>acidis</span> <span class='ocrx_word' id='word_1_72' title='bbox 270 1147 420 1186; x_wconf 86' lang='lat' dir='ltr'>eodem</span> <span class='ocrx_word' id='word_1_73' title='bbox 455 1144 575 1198; x_wconf 81' lang='lat' dir='ltr'>plane</span> <span class='ocrx_word' id='word_1_74' title='bbox 612 1144 741 1184; x_wconf 86' lang='lat' dir='ltr'>modo</span> <span class='ocrx_word' id='word_1_75' title='bbox 774 1144 810 1184; x_wconf 87' lang='lat' dir='ltr'>le</span> <span class='ocrx_word' id='word_1_76' title='bbox 844 1143 957 1196; x_wconf 87' lang='lat' dir='ltr'>geffit</span> <span class='ocrx_word' id='word_1_77' title='bbox 992 1157 1037 1185; x_wconf 82' lang='lat' dir='ltr'>ac</span> <span class='ocrx_word' id='word_1_78' title='bbox 1075 1152 1328 1184; x_wconf 80' lang='lat' dir='ltr'>memoratus</span> <span class='ocrx_word' id='word_1_79' title='bbox 1364 1143 1447 1182; x_wconf 82' lang='lat' dir='ltr'>iarn</span> <span class='ocrx_word' id='word_1_80' title='bbox 1483 1141 1570 1181; x_wconf 86' lang='lat' dir='ltr'>cal-</span> 
     </span>
     <span class='ocr_line' id='line_1_14' title="bbox 76 1204 1568 1260; baseline -0.005 -10"><span class='ocrx_word' id='word_1_81' title='bbox 76 1210 196 1250; x_wconf 8' lang='lat' dir='ltr'>iculi</span> <span class='ocrx_word' id='word_1_82' title='bbox 246 1209 405 1260; x_wconf 63' lang='lat' dir='ltr'>p¹ului33</span> <span class='ocrx_word' id='word_1_83' title='bbox 454 1208 497 1247; x_wconf 85' lang='lat' dir='ltr'>in</span> <span class='ocrx_word' id='word_1_84' title='bbox 534 1207 652 1248; x_wconf 81' lang='lat' dir='ltr'>acido</span> <span class='ocrx_word' id='word_1_85' title='bbox 699 1206 859 1248; x_wconf 84' lang='lat' dir='ltr'>vit-rioli</span> <span class='ocrx_word' id='word_1_86' title='bbox 909 1219 993 1248; x_wconf 83' lang='lat' dir='ltr'>non</span> <span class='ocrx_word' id='word_1_87' title='bbox 1049 1206 1307 1255; x_wconf 72' lang='lat' dir='ltr'>soluebatur5</span> <span class='ocrx_word' id='word_1_88' title='bbox 1356 1205 1398 1244; x_wconf 92' lang='lat' dir='ltr'>-in</span> <span class='ocrx_word' id='word_1_89' title='bbox 1444 1204 1568 1245; x_wconf 75' lang='lat' dir='ltr'>acidis</span> 
     </span>
     <span class='ocr_line' id='line_1_15' title="bbox 113 1267 1570 1320; baseline -0.003 -9"><span class='ocrx_word' id='word_1_90' title='bbox 113 1283 218 1313; x_wconf 80' lang='lat' dir='ltr'>vero</span> <span class='ocrx_word' id='word_1_91' title='bbox 253 1274 349 1312; x_wconf 88' lang='lat' dir='ltr'>nitri</span> <span class='ocrx_word' id='word_1_92' title='bbox 381 1279 426 1312; x_wconf 87' lang='lat' dir='ltr'>et</span> <span class='ocrx_word' id='word_1_93' title='bbox 461 1270 547 1309; x_wconf 76' lang='lat' dir='ltr'>salis</span> <span class='ocrx_word' id='word_1_94' title='bbox 582 1270 677 1310; x_wconf 87' lang='lat' dir='ltr'>l-icet</span> <span class='ocrx_word' id='word_1_95' title='bbox 710 1269 860 1310; x_wconf 80' lang='lat' dir='ltr'>solutio</span> <span class='ocrx_word' id='word_1_96' title='bbox 891 1268 1028 1311; x_wconf 90' lang='lat' dir='ltr'>locum</span> <span class='ocrx_word' id='word_1_97' title='bbox 1063 1268 1276 1316; x_wconf 81' lang='lat' dir='ltr'>habuerit,</span> <span class='ocrx_word' id='word_1_98' title='bbox 1315 1267 1467 1320; x_wconf 78' lang='lat' dir='ltr'>absque</span> <span class='ocrx_word' id='word_1_99' title='bbox 1505 1267 1570 1307; x_wconf 84' lang='lat' dir='ltr'>vl·</span> 
     </span>
     <span class='ocr_line' id='line_1_16' title="bbox 114 1330 1564 1384; baseline -0.003 -10"><span class='ocrx_word' id='word_1_100' title='bbox 114 1334 155 1374; x_wconf 79' lang='lat' dir='ltr'>la</span> <span class='ocrx_word' id='word_1_101' title='bbox 188 1344 318 1375; x_wconf 75' lang='lat' dir='ltr'>tamen</span> <span class='ocrx_word' id='word_1_102' title='bbox 368 1332 723 1383; x_wconf 77' lang='lat' dir='ltr'>efferuerscentia3</span> <span class='ocrx_word' id='word_1_103' title='bbox 772 1332 814 1372; x_wconf 89' lang='lat' dir='ltr'>in</span> <span class='ocrx_word' id='word_1_104' title='bbox 869 1332 962 1372; x_wconf 88' lang='lat' dir='ltr'>oleo</span> <span class='ocrx_word' id='word_1_105' title='bbox 1016 1334 1161 1373; x_wconf 76' lang='lat' dir='ltr'>tartari</span> <span class='ocrx_word' id='word_1_106' title='bbox 1213 1344 1287 1384; x_wconf 85' lang='lat' dir='ltr'>per</span> <span class='ocrx_word' id='word_1_107' title='bbox 1332 1330 1564 1382; x_wconf 84' lang='lat' dir='ltr'>deliquium</span> 
     </span>
     <span class='ocr_line' id='line_1_17' title="bbox 114 1392 1570 1445; baseline -0.003 -7"><span class='ocrx_word' id='word_1_108' title='bbox 114 1410 187 1439; x_wconf 90' lang='lat' dir='ltr'>nec</span> <span class='ocrx_word' id='word_1_109' title='bbox 222 1397 438 1438; x_wconf 77' lang='lat' dir='ltr'>solutionis</span> <span class='ocrx_word' id='word_1_110' title='bbox 491 1408 565 1436; x_wconf 89' lang='lat' dir='ltr'>nec</span> <span class='ocrx_word' id='word_1_111' title='bbox 608 1396 730 1437; x_wconf 84' lang='lat' dir='ltr'>etiam</span> <span class='ocrx_word' id='word_1_112' title='bbox 783 1393 1113 1436; x_wconf 79' lang='lat' dir='ltr'>efferuescentiae</span> <span class='ocrx_word' id='word_1_113' title='bbox 1147 1394 1233 1435; x_wconf 84' lang='lat' dir='ltr'>vlla</span> <span class='ocrx_word' id='word_1_114' title='bbox 1267 1392 1395 1435; x_wconf 88' lang='lat' dir='ltr'>edidit</span> <span class='ocrx_word' id='word_1_115' title='bbox 1431 1393 1570 1445; x_wconf 81' lang='lat' dir='ltr'>figna;</span> 
     </span>
     <span class='ocr_line' id='line_1_18' title="bbox 112 1457 1566 1514; baseline -0.003 -14"><span class='ocrx_word' id='word_1_116' title='bbox 112 1462 255 1514; x_wconf 86' lang='lat' dir='ltr'>prunis</span> <span class='ocrx_word' id='word_1_117' title='bbox 301 1459 474 1512; x_wconf 80' lang='lat' dir='ltr'>inspersa</span> <span class='ocrx_word' id='word_1_118' title='bbox 515 1459 652 1499; x_wconf 80' lang='lat' dir='ltr'>statim</span> <span class='ocrx_word' id='word_1_119' title='bbox 702 1458 883 1500; x_wconf 82' lang='lat' dir='ltr'>albidum</span> <span class='ocrx_word' id='word_1_120' title='bbox 934 1458 1048 1500; x_wconf 86' lang='lat' dir='ltr'>suum</span> <span class='ocrx_word' id='word_1_121' title='bbox 1106 1458 1291 1501; x_wconf 85' lang='lat' dir='ltr'>colorem</span> <span class='ocrx_word' id='word_1_122' title='bbox 1329 1457 1373 1496; x_wconf 91' lang='lat' dir='ltr'>in</span> <span class='ocrx_word' id='word_1_123' title='bbox 1408 1457 1566 1496; x_wconf 83' lang='lat' dir='ltr'>fuscum</span> 
     </span>
     <span class='ocr_line' id='line_1_19' title="bbox 113 1522 1567 1579; baseline -0.006 -13"><span class='ocrx_word' id='word_1_124' title='bbox 113 1524 394 1579; x_wconf 77' lang='lat' dir='ltr'>permutauit,</span> <span class='ocrx_word' id='word_1_125' title='bbox 446 1533 487 1562; x_wconf 93' lang='lat' dir='ltr'>et</span> <span class='ocrx_word' id='word_1_126' title='bbox 520 1522 654 1564; x_wconf 87' lang='lat' dir='ltr'>leuem</span> <span class='ocrx_word' id='word_1_127' title='bbox 700 1523 900 1564; x_wconf 87' lang='lat' dir='ltr'>foetidum</span> <span class='ocrx_word' id='word_1_128' title='bbox 937 1522 1088 1563; x_wconf 86' lang='lat' dir='ltr'>dimisit</span> <span class='ocrx_word' id='word_1_129' title='bbox 1123 1523 1321 1567; x_wconf 84' lang='lat' dir='ltr'>odorem,</span> <span class='ocrx_word' id='word_1_130' title='bbox 1373 1531 1457 1571; x_wconf 90' lang='lat' dir='ltr'>quo</span> <span class='ocrx_word' id='word_1_131' title='bbox 1492 1530 1567 1558; x_wconf 87' lang='lat' dir='ltr'>ex-</span> 
     </span>
     <span class='ocr_line' id='line_1_20' title="bbox 116 1581 1566 1641; baseline -0.005 -14"><span class='ocrx_word' id='word_1_132' title='bbox 116 1585 232 1641; x_wconf 84' lang='lat' dir='ltr'>pulso</span> <span class='ocrx_word' id='word_1_133' title='bbox 280 1587 416 1627; x_wconf 89' lang='lat' dir='ltr'>denuo</span> <span class='ocrx_word' id='word_1_134' title='bbox 450 1585 553 1626; x_wconf 68' lang='lat' dir='ltr'>fasta</span> <span class='ocrx_word' id='word_1_135' title='bbox 587 1585 641 1625; x_wconf 89' lang='lat' dir='ltr'>est</span> <span class='ocrx_word' id='word_1_136' title='bbox 676 1585 866 1627; x_wconf 79' lang='lat' dir='ltr'>albicans.</span> <span class='ocrx_word' id='word_1_137' title='bbox 950 1585 1101 1626; x_wconf 80' lang='lat' dir='ltr'>Talem</span> <span class='ocrx_word' id='word_1_138' title='bbox 1139 1585 1175 1626; x_wconf 91' lang='lat' dir='ltr'>se</span> <span class='ocrx_word' id='word_1_139' title='bbox 1210 1585 1336 1624; x_wconf 82' lang='lat' dir='ltr'>etiam</span> <span class='ocrx_word' id='word_1_140' title='bbox 1374 1581 1566 1623; x_wconf 85' lang='lat' dir='ltr'>exhibuit</span> 
     </span>
     <span class='ocr_line' id='line_1_21' title="bbox 116 1644 1568 1703; baseline -0.006 -12"><span class='ocrx_word' id='word_1_141' title='bbox 116 1651 165 1691; x_wconf 82' lang='lat' dir='ltr'>ad</span> <span class='ocrx_word' id='word_1_142' title='bbox 202 1653 340 1703; x_wconf 84' lang='lat' dir='ltr'>ignem</span> <span class='ocrx_word' id='word_1_143' title='bbox 377 1649 537 1691; x_wconf 78' lang='lat' dir='ltr'>abrasus</span> <span class='ocrx_word' id='word_1_144' title='bbox 572 1661 592 1689; x_wconf 84' lang='lat' dir='ltr'>a</span> <span class='ocrx_word' id='word_1_145' title='bbox 628 1648 804 1699; x_wconf 78' lang='lat' dir='ltr'>calculo,</span> <span class='ocrx_word' id='word_1_146' title='bbox 837 1661 931 1688; x_wconf 88' lang='lat' dir='ltr'>cum</span> <span class='ocrx_word' id='word_1_147' title='bbox 966 1649 1090 1689; x_wconf 79' lang='lat' dir='ltr'>acidis</span> <span class='ocrx_word' id='word_1_148' title='bbox 1125 1661 1207 1692; x_wconf 89' lang='lat' dir='ltr'>non</span> <span class='ocrx_word' id='word_1_149' title='bbox 1244 1647 1435 1692; x_wconf 66' lang='lat' dir='ltr'>uastam,</span> <span class='ocrx_word' id='word_1_150' title='bbox 1471 1644 1568 1696; x_wconf 83' lang='lat' dir='ltr'>pul-</span> 
     </span>
     <span class='ocr_line' id='line_1_22' title="bbox 117 1705 1568 1762; baseline -0.005 -9"><span class='ocrx_word' id='word_1_151' title='bbox 117 1715 321 1760; x_wconf 80' lang='lat' dir='ltr'>visculus,</span> <span class='ocrx_word' id='word_1_152' title='bbox 369 1726 413 1754; x_wconf 63' lang='grc' dir='ltr'>εει</span> <span class='ocrx_word' id='word_1_153' title='bbox 451 1715 745 1754; x_wconf 75' lang='lat' dir='ltr'>tantummodo</span> <span class='ocrx_word' id='word_1_154' title='bbox 776 1724 871 1752; x_wconf 87' lang='lat' dir='ltr'>cum</span> <span class='ocrx_word' id='word_1_155' title='bbox 908 1710 1161 1758; x_wconf 79' lang='lat' dir='ltr'>differentia,</span> <span class='ocrx_word' id='word_1_156' title='bbox 1221 1710 1329 1762; x_wconf 89' lang='lat' dir='ltr'>quod</span> <span class='ocrx_word' id='word_1_157' title='bbox 1366 1719 1462 1761; x_wconf 82' lang='lat' dir='ltr'>prae</span> <span class='ocrx_word' id='word_1_158' title='bbox 1498 1705 1568 1746; x_wconf 83' lang='lat' dir='ltr'>illa</span> 
     </span>
     <span class='ocr_line' id='line_1_23' title="bbox 118 1770 1565 1829; baseline -0.005 -13"><span class='ocrx_word' id='word_1_159' title='bbox 118 1777 312 1824; x_wconf 75' lang='lat' dir='ltr'>materie,</span> <span class='ocrx_word' id='word_1_160' title='bbox 340 1788 400 1816; x_wconf 86' lang='lat' dir='ltr'>ex</span> <span class='ocrx_word' id='word_1_161' title='bbox 436 1777 552 1816; x_wconf 83' lang='lat' dir='ltr'>acido</span> <span class='ocrx_word' id='word_1_162' title='bbox 588 1775 675 1814; x_wconf 69' lang='lat' dir='ltr'>salis</span> <span class='ocrx_word' id='word_1_163' title='bbox 712 1775 1002 1829; x_wconf 68' lang='lat' dir='ltr'>praecipitata,</span> <span class='ocrx_word' id='word_1_164' title='bbox 1052 1776 1265 1826; x_wconf 77' lang='lat' dir='ltr'>aliquanto</span> <span class='ocrx_word' id='word_1_165' title='bbox 1298 1770 1565 1812; x_wconf 70' lang='lat' dir='ltr'>foetidior-em</span> 
     </span>
     <span class='ocr_line' id='line_1_24' title="bbox 117 1831 1571 1889; baseline -0.003 -12"><span class='ocrx_word' id='word_1_166' title='bbox 117 1839 165 1879; x_wconf 87' lang='lat' dir='ltr'>de</span> <span class='ocrx_word' id='word_1_167' title='bbox 199 1837 236 1876; x_wconf 87' lang='lat' dir='ltr'>se</span> <span class='ocrx_word' id='word_1_168' title='bbox 271 1838 460 1889; x_wconf 73' lang='lat' dir='ltr'>sparserat</span> <span class='ocrx_word' id='word_1_169' title='bbox 502 1838 686 1877; x_wconf 86' lang='lat' dir='ltr'>odorem.</span> <span class='ocrx_word' id='word_1_170' title='bbox 775 1836 912 1878; x_wconf 74' lang='lat' dir='ltr'>Frusta</span> <span class='ocrx_word' id='word_1_171' title='bbox 964 1838 1104 1878; x_wconf 80' lang='lat' dir='ltr'>calculi</span> <span class='ocrx_word' id='word_1_172' title='bbox 1155 1835 1298 1887; x_wconf 78' lang='lat' dir='ltr'>prunis</span> <span class='ocrx_word' id='word_1_173' title='bbox 1351 1831 1571 1885; x_wconf 82' lang='lat' dir='ltr'>imposita,</span> 
     </span>
     <span class='ocr_line' id='line_1_25' title="bbox 119 1895 1568 1951; baseline -0.004 -11"><span class='ocrx_word' id='word_1_174' title='bbox 119 1900 218 1940; x_wconf 88' lang='lat' dir='ltr'>dum</span> <span class='ocrx_word' id='word_1_175' title='bbox 255 1898 559 1951; x_wconf 79' lang='lat' dir='ltr'>nigrelcebant‚</span> <span class='ocrx_word' id='word_1_176' title='bbox 611 1899 742 1939; x_wconf 74' lang='lat' dir='ltr'>adhuc</span> <span class='ocrx_word' id='word_1_177' title='bbox 778 1899 951 1939; x_wconf 77' lang='lat' dir='ltr'>validius</span> <span class='ocrx_word' id='word_1_178' title='bbox 987 1899 1110 1940; x_wconf 81' lang='lat' dir='ltr'>fimili</span> <span class='ocrx_word' id='word_1_179' title='bbox 1145 1900 1275 1939; x_wconf 88' lang='lat' dir='ltr'>odore</span> <span class='ocrx_word' id='word_1_180' title='bbox 1311 1909 1430 1937; x_wconf 80' lang='lat' dir='ltr'>nares</span> <span class='ocrx_word' id='word_1_181' title='bbox 1472 1895 1568 1935; x_wconf 84' lang='lat' dir='ltr'>feri-</span> 
     </span>
     <span class='ocr_line' id='line_1_26' title="bbox 120 1959 1565 2016; baseline -0.002 -16"><span class='ocrx_word' id='word_1_182' title='bbox 120 1962 265 2009; x_wconf 76' lang='lat' dir='ltr'>ebant,</span> <span class='ocrx_word' id='word_1_183' title='bbox 318 1964 370 2003; x_wconf 80' lang='lat' dir='ltr'>ita</span> <span class='ocrx_word' id='word_1_184' title='bbox 407 1971 452 2000; x_wconf 79' lang='lat' dir='ltr'>vt</span> <span class='ocrx_word' id='word_1_185' title='bbox 488 1971 627 2000; x_wconf 79' lang='lat' dir='ltr'>totum</span> <span class='ocrx_word' id='word_1_186' title='bbox 663 1965 857 2002; x_wconf 63' lang='lat' dir='ltr'>conclaue</span> <span class='ocrx_word' id='word_1_187' title='bbox 886 1963 1005 2014; x_wconf 56' lang='lat' dir='ltr'>,graui</span> <span class='ocrx_word' id='word_1_188' title='bbox 1058 1962 1214 2016; x_wconf 77' lang='lat' dir='ltr'>piscino</span> <span class='ocrx_word' id='word_1_189' title='bbox 1265 1961 1426 2000; x_wconf 84' lang='lat' dir='ltr'>foetore</span> <span class='ocrx_word' id='word_1_190' title='bbox 1470 1959 1565 1998; x_wconf 83' lang='lat' dir='ltr'>inde</span> 
     </span>
     <span class='ocr_line' id='line_1_27' title="bbox 121 2023 1566 2077; baseline -0.003 -13"><span class='ocrx_word' id='word_1_191' title='bbox 121 2026 243 2064; x_wconf 83' lang='lat' dir='ltr'>fuerit</span> <span class='ocrx_word' id='word_1_192' title='bbox 268 2026 476 2066; x_wconf 53' lang='lat' dir='ltr'>infectum.</span> <span class='ocrx_word' id='word_1_193' title='bbox 543 2023 699 2065; x_wconf 89' lang='lat' dir='ltr'>Foetor</span> <span class='ocrx_word' id='word_1_194' title='bbox 724 2035 858 2063; x_wconf 79' lang='lat' dir='ltr'>antem</span> <span class='ocrx_word' id='word_1_195' title='bbox 885 2026 955 2063; x_wconf 77' lang='lat' dir='ltr'>ille</span> <span class='ocrx_word' id='word_1_196' title='bbox 983 2027 1136 2065; x_wconf 81' lang='lat' dir='ltr'>tamdiu</span> <span class='ocrx_word' id='word_1_197' title='bbox 1171 2024 1385 2077; x_wconf 77' lang='lat' dir='ltr'>prodibat,</span> <span class='ocrx_word' id='word_1_198' title='bbox 1422 2034 1566 2074; x_wconf 83' lang='lat' dir='ltr'>quam-</span> 
     </span>
     <span class='ocr_line' id='line_1_28' title="bbox 125 2086 1569 2142; baseline -0.001 -16"><span class='ocrx_word' id='word_1_199' title='bbox 125 2088 193 2127; x_wconf 78' lang='lat' dir='ltr'>diu</span> <span class='ocrx_word' id='word_1_200' title='bbox 227 2089 349 2128; x_wconf 63' lang='lat' dir='ltr'>frusta</span> <span class='ocrx_word' id='word_1_201' title='bbox 396 2088 468 2128; x_wconf 76' lang='lat' dir='ltr'>illa</span> <span class='ocrx_word' id='word_1_202' title='bbox 524 2086 643 2139; x_wconf 75' lang='lat' dir='ltr'>super</span> <span class='ocrx_word' id='word_1_203' title='bbox 679 2088 818 2140; x_wconf 78' lang='lat' dir='ltr'>prunis</span> <span class='ocrx_word' id='word_1_204' title='bbox 855 2089 973 2139; x_wconf 84' lang='lat' dir='ltr'>nigro</span> <span class='ocrx_word' id='word_1_205' title='bbox 1005 2089 1234 2142; x_wconf 76' lang='lat' dir='ltr'>gaudebant</span> <span class='ocrx_word' id='word_1_206' title='bbox 1268 2088 1432 2137; x_wconf 84' lang='lat' dir='ltr'>colore,</span> <span class='ocrx_word' id='word_1_207' title='bbox 1485 2097 1569 2137; x_wconf 88' lang='lat' dir='ltr'>quo</span> 
     </span>
     <span class='ocr_line' id='line_1_29' title="bbox 124 2151 1570 2202; baseline -0.002 -12"><span class='ocrx_word' id='word_1_208' title='bbox 124 2152 269 2193; x_wconf 82' lang='lat' dir='ltr'>exusso</span> <span class='ocrx_word' id='word_1_209' title='bbox 302 2153 406 2193; x_wconf 85' lang='lat' dir='ltr'>odor</span> <span class='ocrx_word' id='word_1_210' title='bbox 438 2151 564 2190; x_wconf 76' lang='lat' dir='ltr'>etiam</span> <span class='ocrx_word' id='word_1_211' title='bbox 601 2151 668 2191; x_wconf 90' lang='lat' dir='ltr'>ille</span> <span class='ocrx_word' id='word_1_212' title='bbox 703 2151 891 2191; x_wconf 79' lang='lat' dir='ltr'>exhalare</span> <span class='ocrx_word' id='word_1_213' title='bbox 929 2154 1122 2202; x_wconf 67' lang='lat' dir='ltr'>cessauit,</span> <span class='ocrx_word' id='word_1_214' title='bbox 1157 2162 1198 2190; x_wconf 86' lang='lat' dir='ltr'>ct</span> <span class='ocrx_word' id='word_1_215' title='bbox 1235 2151 1470 2190; x_wconf 68' lang='lat' dir='ltr'>continuata</span> <span class='ocrx_word' id='word_1_216' title='bbox 1504 2161 1570 2186; x_wconf 85' lang='lat' dir='ltr'>vs-</span> 
     </span>
    </p>

    <p class='ocr_par' dir='ltr' id='par_1_6' title="bbox 792 2213 1566 2254">
     <span class='ocr_line' id='line_1_30' title="bbox 792 2213 1566 2254; baseline -0.004 0"><span class='ocrx_word' id='word_1_217' title='bbox 792 2214 877 2254; x_wconf 81' lang='lat' dir='ltr'>Hh</span> <span class='ocrx_word' id='word_1_218' title='bbox 918 2227 940 2251; x_wconf 92' lang='lat'>2</span> <span class='ocrx_word' id='word_1_219' title='bbox 1453 2213 1566 2252; x_wconf 83' lang='lat' dir='ltr'>tione</span> 
     </span>
    </p>
   </div>
  </div>
 </body>
</html>
