<?xml version="1.0" encoding="UTF-8"?>
<!DOCTYPE html PUBLIC "-//W3C//DTD XHTML 1.0 Transitional//EN"
    "http://www.w3.org/TR/xhtml1/DTD/xhtml1-transitional.dtd">
<html xmlns="http://www.w3.org/1999/xhtml" xml:lang="en" lang="en">
 <head>
  <title>
</title>
<meta http-equiv="Content-Type" content="text/html;charset=utf-8" />
  <meta name='ocr-system' content='tesseract 3.04.00' />
  <meta name='ocr-capabilities' content='ocr_page ocr_carea ocr_par ocr_line ocrx_word'/>
</head>
<body>
  <div class='ocr_page' id='page_1' title='image "./actaacademiaesci82impe_0389.png"; bbox 0 0 1972 2688; ppageno 0'>
   <div class='ocr_carea' id='block_1_1' title="bbox 598 49 1143 109">
    <p class='ocr_par' dir='ltr' id='par_1_1' title="bbox 598 49 1143 109">
     <span class='ocr_line' id='line_1_1' title="bbox 598 49 1143 109; baseline -0.007 -4"><span class='ocrx_word' id='word_1_1' title='bbox 598 54 714 106; x_wconf 61' lang='grc' dir='ltr'>υὲἑέ</span> <span class='ocrx_word' id='word_1_2' title='bbox 775 49 789 108; x_wconf 95' lang='grc'>)</span> <span class='ocrx_word' id='word_1_3' title='bbox 827 62 913 103; x_wconf 76' lang='lat'>27⁵</span> <span class='ocrx_word' id='word_1_4' title='bbox 953 49 969 109; x_wconf 92' lang='lat'>(</span> <span class='ocrx_word' id='word_1_5' title='bbox 1029 53 1143 103; x_wconf 48' lang='lat' dir='ltr'>&amp;1223oe</span> 
     </span>
    </p>
   </div>
   <div class='ocr_carea' id='block_1_2' title="bbox 137 164 1598 1233">
    <p class='ocr_par' dir='ltr' id='par_1_2' title="bbox 137 164 1598 1233">
     <span class='ocr_line' id='line_1_2' title="bbox 145 164 1594 219; baseline 0 -10"><span class='ocrx_word' id='word_1_6' title='bbox 145 178 230 217; x_wconf 85' lang='lat' dir='ltr'>tus,</span> <span class='ocrx_word' id='word_1_7' title='bbox 266 174 311 209; x_wconf 85' lang='lat' dir='ltr'>vt</span> <span class='ocrx_word' id='word_1_8' title='bbox 346 165 734 207; x_wconf 74' lang='lat' dir='ltr'>transmutationem</span> <span class='ocrx_word' id='word_1_9' title='bbox 773 174 976 206; x_wconf 83' lang='lat' dir='ltr'>terrarum</span> <span class='ocrx_word' id='word_1_10' title='bbox 1010 164 1323 219; x_wconf 83' lang='lat' dir='ltr'>primitiuarum</span> <span class='ocrx_word' id='word_1_11' title='bbox 1361 180 1382 206; x_wconf 84' lang='lat' dir='ltr'>a</span> <span class='ocrx_word' id='word_1_12' title='bbox 1418 168 1594 209; x_wconf 83' lang='lat' dir='ltr'>nonnul-</span> 
     </span>
     <span class='ocr_line' id='line_1_3' title="bbox 142 230 1591 282; baseline -0.001 -10"><span class='ocrx_word' id='word_1_13' title='bbox 142 233 191 273; x_wconf 79' lang='lat' dir='ltr'>lis</span> <span class='ocrx_word' id='word_1_14' title='bbox 226 230 478 274; x_wconf 77' lang='lat' dir='ltr'>affirmatam</span> <span class='ocrx_word' id='word_1_15' title='bbox 529 241 568 271; x_wconf 90' lang='lat' dir='ltr'>et</span> <span class='ocrx_word' id='word_1_16' title='bbox 616 231 763 282; x_wconf 74' lang='lat' dir='ltr'>gradus</span> <span class='ocrx_word' id='word_1_17' title='bbox 814 230 1018 281; x_wconf 88' lang='lat' dir='ltr'>eiusdem,</span> <span class='ocrx_word' id='word_1_18' title='bbox 1071 231 1099 270; x_wconf 88' lang='lat' dir='ltr'>fi</span> <span class='ocrx_word' id='word_1_19' title='bbox 1133 231 1345 278; x_wconf 81' lang='lat' dir='ltr'>darentur,</span> <span class='ocrx_word' id='word_1_20' title='bbox 1399 230 1591 271; x_wconf 74' lang='lat' dir='ltr'>obserua-</span> 
     </span>
     <span class='ocr_line' id='line_1_4' title="bbox 143 292 1587 348; baseline -0.002 -12"><span class='ocrx_word' id='word_1_21' title='bbox 143 310 257 344; x_wconf 84' lang='lat' dir='ltr'>rem,</span> <span class='ocrx_word' id='word_1_22' title='bbox 311 308 488 348; x_wconf 89' lang='lat' dir='ltr'>quorum</span> <span class='ocrx_word' id='word_1_23' title='bbox 527 304 663 335; x_wconf 76' lang='lat' dir='ltr'>tamen</span> <span class='ocrx_word' id='word_1_24' title='bbox 702 293 871 345; x_wconf 81' lang='lat' dir='ltr'>vestigia</span> <span class='ocrx_word' id='word_1_25' title='bbox 906 293 1018 334; x_wconf 72' lang='lat' dir='ltr'>nulla</span> <span class='ocrx_word' id='word_1_26' title='bbox 1053 293 1217 346; x_wconf 87' lang='lat' dir='ltr'>prorsus</span> <span class='ocrx_word' id='word_1_27' title='bbox 1264 292 1419 334; x_wconf 83' lang='lat' dir='ltr'>inueni.</span> <span class='ocrx_word' id='word_1_28' title='bbox 1450 309 1457 313; x_wconf 91' lang='lat'>·</span> <span class='ocrx_word' id='word_1_29' title='bbox 1487 292 1587 334; x_wconf 78' lang='lat' dir='ltr'>Cae-</span> 
     </span>
     <span class='ocr_line' id='line_1_5' title="bbox 140 356 1590 410; baseline -0.003 -10"><span class='ocrx_word' id='word_1_30' title='bbox 140 371 275 402; x_wconf 83' lang='lat' dir='ltr'>terum</span> <span class='ocrx_word' id='word_1_31' title='bbox 315 370 584 407; x_wconf 75' lang='lat' dir='ltr'>quantitatem</span> <span class='ocrx_word' id='word_1_32' title='bbox 620 359 724 399; x_wconf 76' lang='lat' dir='ltr'>ae&#39;ris</span> <span class='ocrx_word' id='word_1_33' title='bbox 758 356 832 397; x_wconf 85' lang='lat' dir='ltr'>fixi</span> <span class='ocrx_word' id='word_1_34' title='bbox 868 367 908 397; x_wconf 88' lang='lat' dir='ltr'>et</span> <span class='ocrx_word' id='word_1_35' title='bbox 945 370 1102 410; x_wconf 75' lang='lat' dir='ltr'>aquae,</span> <span class='ocrx_word' id='word_1_36' title='bbox 1159 359 1280 397; x_wconf 82' lang='lat' dir='ltr'>terris</span> <span class='ocrx_word' id='word_1_37' title='bbox 1316 366 1355 396; x_wconf 88' lang='lat' dir='ltr'>et</span> <span class='ocrx_word' id='word_1_38' title='bbox 1391 356 1590 408; x_wconf 74' lang='lat' dir='ltr'>lapidibus</span> 
     </span>
     <span class='ocr_line' id='line_1_6' title="bbox 142 420 1593 468; baseline -0.004 -4"><span class='ocrx_word' id='word_1_39' title='bbox 142 425 338 465; x_wconf 78' lang='lat' dir='ltr'>calcareis</span> <span class='ocrx_word' id='word_1_40' title='bbox 373 423 685 468; x_wconf 79' lang='lat' dir='ltr'><strong>inhaerentem,</strong></span> <span class='ocrx_word' id='word_1_41' title='bbox 741 421 809 460; x_wconf 78' lang='lat' dir='ltr'>alii</span> <span class='ocrx_word' id='word_1_42' title='bbox 846 421 1030 461; x_wconf 76' lang='lat' dir='ltr'>auc&#39;tores</span> <span class='ocrx_word' id='word_1_43' title='bbox 1067 422 1149 461; x_wconf 80' lang='lat' dir='ltr'>iarn</span> <span class='ocrx_word' id='word_1_44' title='bbox 1197 421 1289 461; x_wconf 78' lang='lat' dir='ltr'>satis</span> <span class='ocrx_word' id='word_1_45' title='bbox 1325 420 1478 461; x_wconf 87' lang='lat' dir='ltr'>dudum</span> <span class='ocrx_word' id='word_1_46' title='bbox 1518 430 1593 458; x_wconf 84' lang='lat' dir='ltr'>ex-</span> 
     </span>
     <span class='ocr_line' id='line_1_7' title="bbox 144 483 1594 540; baseline -0.003 -14"><span class='ocrx_word' id='word_1_47' title='bbox 144 488 375 540; x_wconf 77' lang='lat' dir='ltr'>plorarunt.</span> <span class='ocrx_word' id='word_1_48' title='bbox 442 485 690 540; x_wconf 81' lang='lat' dir='ltr'>Optandum</span> <span class='ocrx_word' id='word_1_49' title='bbox 726 484 802 533; x_wconf 88' lang='lat' dir='ltr'>est,</span> <span class='ocrx_word' id='word_1_50' title='bbox 857 494 903 523; x_wconf 88' lang='lat' dir='ltr'>vt</span> <span class='ocrx_word' id='word_1_51' title='bbox 937 486 986 524; x_wconf 89' lang='lat' dir='ltr'>de</span> <span class='ocrx_word' id='word_1_52' title='bbox 1023 484 1195 536; x_wconf 85' lang='lat' dir='ltr'>reliquis</span> <span class='ocrx_word' id='word_1_53' title='bbox 1231 483 1477 537; x_wconf 80' lang='lat' dir='ltr'>corporibus</span> <span class='ocrx_word' id='word_1_54' title='bbox 1514 483 1594 522; x_wconf 89' lang='lat' dir='ltr'>mi-</span> 
     </span>
     <span class='ocr_line' id='line_1_8' title="bbox 141 546 1598 602; baseline -0.003 -13"><span class='ocrx_word' id='word_1_55' title='bbox 141 552 346 592; x_wconf 80' lang='lat' dir='ltr'>neralibus</span> <span class='ocrx_word' id='word_1_56' title='bbox 390 562 518 602; x_wconf 80' lang='lat' dir='ltr'>aeque</span> <span class='ocrx_word' id='word_1_57' title='bbox 569 549 783 589; x_wconf 79' lang='lat' dir='ltr'>constaret.</span> <span class='ocrx_word' id='word_1_58' title='bbox 850 547 942 588; x_wconf 86' lang='lat' dir='ltr'>Vix</span> <span class='ocrx_word' id='word_1_59' title='bbox 978 550 1239 593; x_wconf 68' lang='lat' dir='ltr'>errabimus,</span> <span class='ocrx_word' id='word_1_60' title='bbox 1290 546 1316 586; x_wconf 86' lang='lat' dir='ltr'>fi</span> <span class='ocrx_word' id='word_1_61' title='bbox 1355 547 1598 587; x_wconf 85' lang='lat' dir='ltr'>decremen-</span> 
     </span>
     <span class='ocr_line' id='line_1_9' title="bbox 143 610 1597 666; baseline -0.003 -13"><span class='ocrx_word' id='word_1_62' title='bbox 143 623 232 654; x_wconf 82' lang='lat' dir='ltr'>tum</span> <span class='ocrx_word' id='word_1_63' title='bbox 270 613 461 666; x_wconf 82' lang='lat' dir='ltr'>ponderis</span> <span class='ocrx_word' id='word_1_64' title='bbox 498 624 755 652; x_wconf 79' lang='lat' dir='ltr'>marmorum</span> <span class='ocrx_word' id='word_1_65' title='bbox 791 612 885 664; x_wconf 86' lang='lat' dir='ltr'>igne</span> <span class='ocrx_word' id='word_1_66' title='bbox 918 623 1060 664; x_wconf 84' lang='lat' dir='ltr'>aperto</span> <span class='ocrx_word' id='word_1_67' title='bbox 1105 610 1430 657; x_wconf 58' lang='lat' dir='ltr'>alemanorum,</span> <span class='ocrx_word' id='word_1_68' title='bbox 1483 610 1597 661; x_wconf 91' lang='lat' dir='ltr'>quod</span> 
     </span>
     <span class='ocr_line' id='line_1_10' title="bbox 140 670 1595 728; baseline -0.003 -12"><span class='ocrx_word' id='word_1_69' title='bbox 140 676 288 728; x_wconf 84' lang='lat' dir='ltr'>viginti</span> <span class='ocrx_word' id='word_1_70' title='bbox 326 679 410 716; x_wconf 88' lang='lat' dir='ltr'>duo</span> <span class='ocrx_word' id='word_1_71' title='bbox 447 676 511 716; x_wconf 88' lang='lat' dir='ltr'>vel</span> <span class='ocrx_word' id='word_1_72' title='bbox 548 687 629 716; x_wconf 88' lang='lat' dir='ltr'>tres</span> <span class='ocrx_word' id='word_1_73' title='bbox 665 687 796 726; x_wconf 80' lang='lat' dir='ltr'>partes</span> <span class='ocrx_word' id='word_1_74' title='bbox 847 674 1085 714; x_wconf 81' lang='lat' dir='ltr'>centefimas</span> <span class='ocrx_word' id='word_1_75' title='bbox 1135 670 1284 718; x_wconf 85' lang='lat' dir='ltr'>efficit,</span> <span class='ocrx_word' id='word_1_76' title='bbox 1354 675 1407 713; x_wconf 80' lang='lat' dir='ltr'>ita</span> <span class='ocrx_word' id='word_1_77' title='bbox 1443 671 1595 712; x_wconf 86' lang='lat' dir='ltr'>diuidi·</span> 
     </span>
     <span class='ocr_line' id='line_1_11' title="bbox 139 735 1592 792; baseline -0.005 -11"><span class='ocrx_word' id='word_1_78' title='bbox 139 753 255 783; x_wconf 73' lang='lat' dir='ltr'>mus,</span> <span class='ocrx_word' id='word_1_79' title='bbox 291 751 334 782; x_wconf 86' lang='lat' dir='ltr'>vt</span> <span class='ocrx_word' id='word_1_80' title='bbox 371 751 501 792; x_wconf 71' lang='lat' dir='ltr'>partes</span> <span class='ocrx_word' id='word_1_81' title='bbox 536 740 717 792; x_wconf 80' lang='lat' dir='ltr'>quinque</span> <span class='ocrx_word' id='word_1_82' title='bbox 757 738 824 776; x_wconf 85' lang='lat' dir='ltr'>vel</span> <span class='ocrx_word' id='word_1_83' title='bbox 857 736 926 775; x_wconf 67' lang='lat' dir='ltr'>sex</span> <span class='ocrx_word' id='word_1_84' title='bbox 962 735 1191 788; x_wconf 79' lang='lat' dir='ltr'>plilegmati</span> <span class='ocrx_word' id='word_1_85' title='bbox 1229 736 1408 786; x_wconf 79' lang='lat' dir='ltr'>aquoso,</span> <span class='ocrx_word' id='word_1_86' title='bbox 1454 745 1592 788; x_wconf 73' lang='lat' dir='ltr'>partes</span> 
     </span>
     <span class='ocr_line' id='line_1_12' title="bbox 139 797 1590 856; baseline -0.003 -14"><span class='ocrx_word' id='word_1_87' title='bbox 139 803 418 856; x_wconf 83' lang='lat' dir='ltr'><strong>septendecim</strong></span> <span class='ocrx_word' id='word_1_88' title='bbox 470 803 535 842; x_wconf 90' lang='lat' dir='ltr'>vel</span> <span class='ocrx_word' id='word_1_89' title='bbox 585 799 819 842; x_wconf 59' lang='lat' dir='ltr'>octodecim</span> <span class='ocrx_word' id='word_1_90' title='bbox 871 801 957 839; x_wconf 83' lang='lat' dir='ltr'>a&#39;e‘ri</span> <span class='ocrx_word' id='word_1_91' title='bbox 1009 797 1098 837; x_wconf 84' lang='lat' dir='ltr'>fixo</span> <span class='ocrx_word' id='word_1_92' title='bbox 1152 798 1385 839; x_wconf 76' lang='lat' dir='ltr'>tribuantur</span> <span class='ocrx_word' id='word_1_93' title='bbox 1421 809 1461 838; x_wconf 88' lang='lat' dir='ltr'>et</span> <span class='ocrx_word' id='word_1_94' title='bbox 1497 799 1590 838; x_wconf 89' lang='lat' dir='ltr'>dein</span> 
     </span>
     <span class='ocr_line' id='line_1_13' title="bbox 138 861 1595 919; baseline -0.003 -14"><span class='ocrx_word' id='word_1_95' title='bbox 138 878 272 919; x_wconf 79' lang='lat' dir='ltr'>partes</span> <span class='ocrx_word' id='word_1_96' title='bbox 309 877 464 907; x_wconf 84' lang='lat' dir='ltr'>terreae</span> <span class='ocrx_word' id='word_1_97' title='bbox 491 865 761 905; x_wconf 72' lang='lat' dir='ltr'>subtrae&#39;tione</span> <span class='ocrx_word' id='word_1_98' title='bbox 799 861 1103 915; x_wconf 80' lang='lat' dir='ltr'>proportionali</span> <span class='ocrx_word' id='word_1_99' title='bbox 1141 862 1270 909; x_wconf 73' lang='lat' dir='ltr'>fausta,</span> <span class='ocrx_word' id='word_1_100' title='bbox 1306 866 1346 900; x_wconf 89' lang='lat' dir='ltr'>in</span> <span class='ocrx_word' id='word_1_101' title='bbox 1383 862 1482 901; x_wconf 81' lang='lat' dir='ltr'>statu</span> <span class='ocrx_word' id='word_1_102' title='bbox 1520 874 1595 913; x_wconf 88' lang='lat' dir='ltr'>pu-</span> 
     </span>
     <span class='ocr_line' id='line_1_14' title="bbox 138 924 1591 969; baseline -0.001 -1"><span class='ocrx_word' id='word_1_103' title='bbox 138 943 186 968; x_wconf 88' lang='lat' dir='ltr'>ro</span> <span class='ocrx_word' id='word_1_104' title='bbox 223 929 286 969; x_wconf 83' lang='lat' dir='ltr'>vel</span> <span class='ocrx_word' id='word_1_105' title='bbox 320 930 368 969; x_wconf 80' lang='lat' dir='ltr'>ab</span> <span class='ocrx_word' id='word_1_106' title='bbox 401 931 514 969; x_wconf 81' lang='lat' dir='ltr'>omni</span> <span class='ocrx_word' id='word_1_107' title='bbox 555 929 672 967; x_wconf 77' lang='lat' dir='ltr'>acido</span> <span class='ocrx_word' id='word_1_108' title='bbox 708 930 831 967; x_wconf 79' lang='lat' dir='ltr'>a’e&#39;reo</span> <span class='ocrx_word' id='word_1_109' title='bbox 875 925 1026 964; x_wconf 73' lang='lat' dir='ltr'>liberae</span> <span class='ocrx_word' id='word_1_110' title='bbox 1064 925 1413 966; x_wconf 84' lang='lat' dir='ltr'>determinentur.</span> <span class='ocrx_word' id='word_1_111' title='bbox 1480 924 1591 966; x_wconf 89' lang='lat' dir='ltr'>Ter-</span> 
     </span>
     <span class='ocr_line' id='line_1_15' title="bbox 138 988 1592 1044; baseline -0.002 -12"><span class='ocrx_word' id='word_1_112' title='bbox 138 1006 204 1032; x_wconf 81' lang='lat' dir='ltr'>rae</span> <span class='ocrx_word' id='word_1_113' title='bbox 239 993 440 1032; x_wconf 72' lang='lat' dir='ltr'>calcareae</span> <span class='ocrx_word' id='word_1_114' title='bbox 474 1004 600 1044; x_wconf 76' lang='lat' dir='ltr'>purae</span> <span class='ocrx_word' id='word_1_115' title='bbox 637 992 815 1044; x_wconf 87' lang='lat' dir='ltr'>pondus,</span> <span class='ocrx_word' id='word_1_116' title='bbox 853 990 948 1039; x_wconf 81' lang='lat' dir='ltr'>quia</span> <span class='ocrx_word' id='word_1_117' title='bbox 986 988 1084 1027; x_wconf 81' lang='lat' dir='ltr'>basis</span> <span class='ocrx_word' id='word_1_118' title='bbox 1120 1000 1382 1029; x_wconf 83' lang='lat' dir='ltr'>marmorum</span> <span class='ocrx_word' id='word_1_119' title='bbox 1419 990 1592 1043; x_wconf 72' lang='lat' dir='ltr'>propria</span> 
     </span>
     <span class='ocr_line' id='line_1_16' title="bbox 139 1051 1592 1103; baseline -0.003 -8"><span class='ocrx_word' id='word_1_120' title='bbox 139 1056 218 1103; x_wconf 86' lang='lat' dir='ltr'>est,</span> <span class='ocrx_word' id='word_1_121' title='bbox 265 1055 320 1095; x_wconf 76' lang='lat' dir='ltr'>ita</span> <span class='ocrx_word' id='word_1_122' title='bbox 355 1056 520 1101; x_wconf 80' lang='lat' dir='ltr'>notaui,</span> <span class='ocrx_word' id='word_1_123' title='bbox 558 1064 601 1090; x_wconf 92' lang='lat' dir='ltr'>vt</span> <span class='ocrx_word' id='word_1_124' title='bbox 637 1053 734 1091; x_wconf 86' lang='lat' dir='ltr'>illud</span> <span class='ocrx_word' id='word_1_125' title='bbox 773 1051 952 1102; x_wconf 87' lang='lat' dir='ltr'>sequenti</span> <span class='ocrx_word' id='word_1_126' title='bbox 990 1051 1149 1093; x_wconf 67' lang='lat' dir='ltr'>tabulae</span> <span class='ocrx_word' id='word_1_127' title='bbox 1185 1051 1426 1097; x_wconf 85' lang='lat' dir='ltr'>insererem,</span> <span class='ocrx_word' id='word_1_128' title='bbox 1479 1051 1592 1103; x_wconf 89' lang='lat' dir='ltr'>quod</span> 
     </span>
     <span class='ocr_line' id='line_1_17' title="bbox 137 1114 1592 1168; baseline -0.001 -10"><span class='ocrx_word' id='word_1_129' title='bbox 137 1119 311 1158; x_wconf 63' lang='lat' dir='ltr'>deduCio</span> <span class='ocrx_word' id='word_1_130' title='bbox 346 1117 528 1168; x_wconf 87' lang='lat' dir='ltr'>pondere</span> <span class='ocrx_word' id='word_1_131' title='bbox 562 1114 819 1167; x_wconf 77' lang='lat' dir='ltr'>reliquarum</span> <span class='ocrx_word' id='word_1_132' title='bbox 856 1115 1048 1156; x_wconf 87' lang='lat' dir='ltr'>omnium</span> <span class='ocrx_word' id='word_1_133' title='bbox 1085 1116 1270 1168; x_wconf 80' lang='lat' dir='ltr'>partium</span> <span class='ocrx_word' id='word_1_134' title='bbox 1306 1116 1592 1157; x_wconf 73' lang='lat' dir='ltr'>constitutiua-</span> 
     </span>
     <span class='ocr_line' id='line_1_18' title="bbox 139 1177 952 1233; baseline -0.002 -13"><span class='ocrx_word' id='word_1_135' title='bbox 139 1193 257 1229; x_wconf 89' lang='lat' dir='ltr'>rum,</span> <span class='ocrx_word' id='word_1_136' title='bbox 293 1179 444 1231; x_wconf 78' lang='lat' dir='ltr'>analyss</span> <span class='ocrx_word' id='word_1_137' title='bbox 482 1179 754 1233; x_wconf 77' lang='lat' dir='ltr'>separatarum</span> <span class='ocrx_word' id='word_1_138' title='bbox 792 1177 952 1219; x_wconf 81' lang='lat' dir='ltr'>mansit.</span> 
     </span>
    </p>
   </div>
   <div class='ocr_carea' id='block_1_3' title="bbox 139 1299 1591 1419">
    <p class='ocr_par' dir='ltr' id='par_1_3' title="bbox 139 1299 1591 1419">
     <span class='ocr_line' id='line_1_19' title="bbox 327 1299 1591 1353; baseline -0.004 -9"><span class='ocrx_word' id='word_1_139' title='bbox 327 1305 359 1352; x_wconf 72' lang='grc' dir='ltr'>ξ.</span> <span class='ocrx_word' id='word_1_140' title='bbox 398 1312 467 1351; x_wconf 81' lang='lat'>50.</span> <span class='ocrx_word' id='word_1_141' title='bbox 532 1301 725 1353; x_wconf 84' lang='lat' dir='ltr'>Sequitur</span> <span class='ocrx_word' id='word_1_142' title='bbox 774 1299 962 1347; x_wconf 78' lang='lat' dir='ltr'><strong>schema,</strong></span> <span class='ocrx_word' id='word_1_143' title='bbox 1014 1312 1098 1353; x_wconf 92' lang='lat' dir='ltr'>quo</span> <span class='ocrx_word' id='word_1_144' title='bbox 1132 1307 1264 1351; x_wconf 81' lang='lat' dir='ltr'>partes</span> <span class='ocrx_word' id='word_1_145' title='bbox 1302 1299 1591 1340; x_wconf 81' lang='lat' dir='ltr'>constitutiuae</span> 
     </span>
     <span class='ocr_line' id='line_1_20' title="bbox 139 1364 1571 1419; baseline -0.004 -11"><span class='ocrx_word' id='word_1_146' title='bbox 139 1378 399 1408; x_wconf 77' lang='lat' dir='ltr'>marmorum</span> <span class='ocrx_word' id='word_1_147' title='bbox 435 1366 695 1419; x_wconf 76' lang='lat' dir='ltr'>quoi-undam</span> <span class='ocrx_word' id='word_1_148' title='bbox 732 1364 890 1406; x_wconf 74' lang='lat' dir='ltr'>Romae</span> <span class='ocrx_word' id='word_1_149' title='bbox 924 1364 1219 1418; x_wconf 83' lang='lat' dir='ltr'>indigenorum</span> <span class='ocrx_word' id='word_1_150' title='bbox 1255 1372 1571 1417; x_wconf 88' lang='lat' dir='ltr'>proponuntur:</span> 
     </span>
    </p>
   </div>
   <div class='ocr_carea' id='block_1_4' title="bbox 808 2105 1585 2155">
    <p class='ocr_par' dir='ltr' id='par_1_4' title="bbox 808 2105 1585 2155">
     <span class='ocr_line' id='line_1_21' title="bbox 808 2105 1585 2155; baseline -0.001 -2"><span class='ocrx_word' id='word_1_151' title='bbox 808 2111 859 2153; x_wconf 90' lang='lat' dir='ltr'>M</span> <span class='ocrx_word' id='word_1_152' title='bbox 880 2124 923 2155; x_wconf 92' lang='lat' dir='ltr'><strong>m</strong></span> <span class='ocrx_word' id='word_1_153' title='bbox 959 2123 986 2152; x_wconf 70' lang='grc' dir='ltr'><strong>ε</strong></span> <span class='ocrx_word' id='word_1_154' title='bbox 1423 2105 1585 2152; x_wconf 76' lang='lat' dir='ltr'>Cente-</span> 
     </span>
    </p>
   </div>
  </div>
 </body>
</html>
