1972 2688
871 148 986 201 »ἕξ
1051 145 1246 204 )218(
1310 151 1426 202 &ze-a«

414 262 762 307 netrantiffimum
796 259 846 300 ab
880 270 933 299 eo
968 259 1167 302 redditur.
1236 260 1402 303 Solutio
1437 261 1624 305 Arseni'ci
1661 263 1700 303 in
1733 264 1876 306 Acido=

413 329 500 370 salis
555 327 749 368 Butirum
798 324 1017 365 arsenicale
1054 326 1161 378 apud
1201 324 1414 366 chemicos
1450 327 1529 367 dici
1580 328 1715 379 solet,
1760 329 1875 380 quod.

412 402 583 448 paratur
626 387 695 430 vel
738 400 812 441 per
848 388 916 437 se,
968 389 997 429 fi
1033 388 1190 428 scilicet
1226 389 1397 430 acidum.
1427 389 1530 432 illud
1563 391 1783 443 aliquoties
1821 390 1876 430 ab·

413 454 613 497 Arsenico
648 465 722 505 per
755 451 1071 493 destillationem
1108 452 1391 504 abstrahatur,
1433 454 1521 501 vel,
1566 454 1678 508 quod
1715 453 1876 494 facilius

412 519 490 565 est,
531 517 560 557 fi
596 515 841 556 Arsenicum
879 516 1069 569 sulphuri
1102 517 1321 556 communi
1359 518 1549 569 mitum,
1610 527 1656 557 vt
1691 518 1733 556 in
1771 517 1877 557 Risi-

409 581 522 635 gallo
559 579 625 619 vel
662 579 863 630 Realgare
902 581 984 628 est,
1022 592 1116 620 cum
1154 580 1371 621 Mercurio
1408 581 1627 622 sublimato
1660 580 1875 621 corrofiuo

413 644 580 697 aequali
619 643 812 696 portione
847 644 1029 683 mixtum
1067 644 1337 685 destillationi
1372 644 1632 695 subiiciatur3
1666 644 1737 684 vbi
1773 656 1878 684 vera

411 708 459 748 fit
508 707 725 758 Vtriusque
770 707 959 757 corporis
995 708 1326 761 decompofiti0‚
1385 720 1424 749 et
1460 722 1568 751 noua
1603 707 1874 749 combinatio,

411 770 600 812 Acidum
635 770 740 821 rapit
776 769 908 810 secum
945 769 1190 810 Asse-mcum
1212 801 1224 821 ,
1269 781 1311 812 et
1343 784 1439 812 cum
1473 784 1524 812 eo
1559 773 1601 811 in
1639 774 1772 812 forma
1808 771 1877 813 Li·

413 835 558 889 quoris
593 832 788 886 acerrimi
823 832 1022 885 destillat;
1057 833 1294 873 Mercurius
1316 847 1418 875 vero
1444 834 1644 889 Sulphuri
1669 834 1877 888 iungitur,.

412 909 454 940 et
506 896 774 939 sublimatum
827 897 1146 937 cinnabariuum
1199 909 1296 937 cum
1346 910 1395 937 eo
1440 901 1609 940 format.
1687 897 1878 939 Acidum.

411 961 691 1003 Vitriolicum
729 960 898 1012 proprie
933 971 1024 999 nonv
1056 960 1174 1000 soluit
1210 960 1273 1001 sed
1309 959 1401 1013 figit
1437 961 1697 1012 Arsenicum,
1737 963 1794 1002 ita
1829 970 1880 1001 vt

410 1026 579 1066 coctum
626 1036 721 1064 cum
772 1036 836 1070 e0,
867 1023 957 1076 post
998 1022 1238 1064 abstractum
1276 1026 1474 1074 acidum,
1526 1025 1664 1078 ignem
1701 1024 1879 1064 fufionis

410 1089 616 1138 sustineat,
651 1097 692 1127 et
730 1087 853 1128 instar
888 1087 986 1128 vitri
1021 1086 1136 1135 fluat,
1172 1088 1284 1138 quod
1320 1086 1426 1128 A'e'ri
1460 1089 1692 1141 expositum
1729 1089 1876 1141 sponte

411 1156 455 1195 ‘m
512 1151 740 1206 deliquium
791 1150 886 1192 abit.
958 1147 1273 1192 Celeberrimus
1310 1150 1500 1205 Macquer
1535 1148 1607 1204 (c)
1650 1150 1880 1199 obstruat,

412 1215 570 1258 Oleum
623 1213 902 1256 Vitriolicum
959 1227 1031 1269 per
1082 1215 1397 1256 abstractionem
1436 1229 1458 1254 a
1494 1212 1720 1257 sufficiente
1750 1213 1872 1254 Arse-

410 1282 491 1323 nici
525 1280 756 1333 quantitate
777 1309 786 1325 ,
823 1279 954 1319 imbui
992 1277 1183 1329 singulari
1219 1279 1351 1319 odore
1385 1278 1601 1319 simillimo
1635 1277 1726 1329 illi,
1779 1289 1876 1331 qua-

412 1345 494 1386 lem
531 1345 698 1399 spiritus
733 1342 820 1383 salis
853 1341 1091 1385 communis
1128 1342 1177 1383 de
1214 1342 1252 1384 se
1286 1343 1462 1386 fundere
1497 1341 1623 1385 solet..

601 1500 867 1542 Paradoxum
908 1502 950 1541 in
989 1502 1105 1555 supra
1140 1502 1259 1543 distis
1294 1502 1506 1543 videbitur
1541 1501 1648 1542 forte
1697 1496 1875 1538 nonnul-

412 1567 474 1617 lis,
510 1566 739 1619 supponere
775 1576 855 1612 me,
893 1567 1108 1606 materiam
1145 1567 1437 1620 phlogisticam
1474 1566 1530 1605 ita
1551 1561 1766 1617 supprimi,
1800 1562 1876 1602 ob·

408 1630 523 1672 uolui
565 1642 612 1669 ac
658 1627 786 1678 subigi
832 1628 943 1680 posse
979 1641 999 1667 a
1034 1629 1242 1681 principio
1279 1630 1436 1679 salino,
1499 1639 1546 1669 vt
1579 1629 1620 1667 in
1656 1626 1872 1666 flammam

408 1705 639 1748 erumpere,
676 1701 800 1742 atque
837 1703 1086 1731 communes
1113 1693 1311 1733 materiae
1337 1696 1478 1746 igneae
1504 1691 1721 1742 qualitates
1749 1700 1876 1728 mon--

409 1759 533 1798 strare
570 1765 769 1808 nequeat3
805 1767 967 1803 verum,
1003 1756 1074 1807 qui
1109 1757 1151 1795 in
1188 1756 1366 1811 prad'tica
1402 1755 1592 1796 chemica
1629 1753 1757 1807 paulo
1786 1765 1874 1792 ma-

408 1823 468 1874 gis
503 1819 653 1861 versati
691 1820 798 1868 sunt,
834 1818 873 1859 id
912 1819 1088 1859 minime
1125 1820 1175 1861 iis
1211 1821 1365 1860 mirum
1389 1819 1518 1859 videri
1544 1818 1686 1871 potest.
1758 1815 1872 1856 Nam

409 1885 540 1927 fimile
594 1893 634 1924 et
686 1883 873 1923 maxime
920 1882 1143 1937 analogum
1179 1883 1273 1926 huic
1310 1883 1509 1924 habemus
1545 1880 1791 1935 exemplum
1827 1881 1871 1920 in

1783 1941 1872 1985 Sul-

483 2158 546 2205 (ὃ)
595 2159 801 2196 Diffionaire
827 2156 867 2192 dc
897 2158 1051 2204 Chymie.
1079 2157 1184 2195 Tom.
1211 2160 1239 2192 I·
1292 2157 1372 2193 Sous
1398 2153 1546 2192 l’Article
1572 2147 1753 2186 d'Arsenic.
