1972 2688
530 162 644 216 »203
707 165 726 217 )
766 153 849 213 132
886 156 903 217 (
967 159 1082 213 aa«

764 365 805 406 D
822 365 860 406 E

91 451 821 535 TRACTATIONE
849 448 1542 523 METALLORVM

530 568 681 621 CVM
725 565 1089 620 SVLPHVRE.

693 739 942 780 Auctore

577 824 635 868 N.
666 821 1048 866 SOCOLOFF.

798 1156 833 1198 1.

97 1218 341 1331 Metalla
375 1286 495 1328 vario
530 1301 552 1327 a
586 1287 710 1328 variis
739 1285 997 1328 Authoribus
1032 1297 1128 1328 cum
1149 1285 1358 1342 Sulphure
1394 1288 1540 1329 nasta-⁴

101 1356 143 1393 t'a
178 1351 342 1392 fuerunt
375 1352 513 1391 modo.
578 1348 663 1390 Alii
699 1359 775 1405 pro
795 1343 1024 1391 caemento
1062 1352 1338 1403 metallorum,
1375 1352 1442 1392 alii
1464 1364 1543 1405 pro

103 1414 310 1457 menstruo
343 1423 488 1454 eorum
525 1413 794 1456 adhibuerunt
830 1413 1011 1469 sulphur.
1079 1412 1204 1458 Pauci
1241 1417 1344 1463 sunt,
1377 1416 1448 1468 qui
1477 1408 1542 1454 vi·-

100 1490 164 1520 res
199 1475 400 1529 sulphuris
436 1477 478 1516 in
514 1477 678 1517 metalla
711 1476 794 1519 fusa
829 1478 1130 1518 examinarunt.
1204 1478 1432 1520 Neminem
1469 1489 1545 1517 au·

99 1543 187 1582 t'em
223 1539 337 1587 noui,
370 1539 441 1592 qui
475 1539 694 1592 infignium
731 1542 1006 1582 mutationum
1028 1571 1039 1589 ‚
1082 1553 1185 1593 quae
1219 1542 1312 1584 inde
1350 1536 1542 1582 accidunt'

101 1602 294 1649 metallis,
329 1610 453 1656 atque
489 1603 755 1656 singularium
790 1601 1183 1645 Phaenomenorum
1219 1615 1307 1646 tum
1345 1617 1547 1659 apparen-

100 1667 202 1707 tium
257 1666 336 1707 rite
388 1666 674 1708 determinarit
723 1668 934 1716 rationes,
987 1678 1026 1708 et
1060 1679 1284 1720 quamnam
1319 1669 1543 1708 Vtilitatem

101 1730 311 1784 physicam
353 1729 452 1775 inde¹
483 1730 605 1772 liceat
640 1731 869 1784 expectare,
903 1732 1206 1772 demonstrarit.
1278 1730 1381 1770 Rem
1415 1731 1542 1782 igitur

105 1807 128 1831 a
161 1793 296 1843 paucis
333 1802 525 1832 tentatam
561 1793 624 1832 his
657 1795 823 1846 pagellis
859 1794 1147 1846 exponendam
1173 1794 1338 1842 curabo,
1367 1791 1543 1845 sperans,

107 1853 294 1894 officium
330 1865 397 1892 me
432 1854 596 1906 aliquod
631 1857 805 1909 physicis
842 1868 893 1895 eo
930 1859 1126 1909 praestare
1161 1857 1286 1908 poffe.

289 1975 339 2017 Π.
407 1976 472 2017 Ac
518 1977 654 2031 primo
699 1980 865 2031 quidem
910 1981 957 2020 de
994 1979 1104 2019 ferro
1138 1994 1272 2034 agam.
1343 1979 1546 2023 Obserua-

110 2047 198 2079 tum
231 2037 307 2087 est,
357 2038 512 2080 ferrum
550 2041 738 2082 limatum
775 2056 868 2082 cum
904 2042 1072 2095 puluere
1108 2044 1309 2096 sulphuris
1343 2056 1382 2085 et
1418 2058 1545 2098 pauca

113 2113 213 2153 aqua
260 2101 300 2140 in
354 2104 505 2155 pastam
553 2103 847 2154 efformatum,
898 2106 1119 2160 repositum
1155 2107 1223 2148 sub
1262 2120 1372 2150 terra
1408 2109 1546 2162 paucis

116 2164 205 2217 post
240 2164 376 2205 diebus
411 2167 589 2207 calorem
626 2168 888 2210 intrinsecum
924 2172 1154 2225 concipere,
1177 2182 1294 2222 atque
1330 2171 1549 2212 flammam·

117 2227 211 2268 Ac‘ia
227 2225 346 2270 Acad.
363 2228 459 2285 Imp.
477 2228 544 2272 Sc.
563 2230 670 2273 Tom.
689 2232 749 2273 Vl.
764 2235 807 2276 P.
826 2231 856 2273 l.
1137 2233 1170 2273 Β
1206 2234 1230 2273 b
1509 2244 1549 2274 et
