1972 2688
569 107 682 158 »ἑῆς
744 99 941 159 )253(
1005 104 1118 153 5203<-

288 224 785 280 MARMORVM
850 220 1409 295 QYORVNDAM

496 326 821 368 IMPERII
880 323 1207 368 ROSSJCI

144 432 804 508 ANALYSIS
889 429 1556 505 CHEMICA.

760 722 946 763 AuCtore

622 817 653 857 1.
677 814 737 857 G.
775 815 1060 858 GEORGI.

788 1258 821 1305 §-
862 1267 897 1295 1.

117 1360 254 1473 Inter
284 1363 488 1407 mineralia
524 1378 694 1421 corpora
729 1380 801 1421 per
834 1366 976 1407 orbem
1026 1374 1224 1407 terrarum
1275 1366 1351 1407 late
1385 1364 1570 1423 dispersa,

197 1444 279 1471 non
311 1429 497 1471 vltimum
529 1426 618 1468 sane
651 1427 786 1470 locum
820 1428 915 1470 saxa
957 1427 1134 1470 calcat-ea
1182 1442 1399 1486 occupant,
1448 1443 1569 1486 vtpo-

114 1506 155 1534 te
188 1506 291 1549 quae
325 1492 460 1534 vbiuis
495 1491 578 1532 fere
611 1505 844 1547 occurrunt,
889 1493 942 1533 ob
1000 1494 1188 1534 omnibus
1238 1493 1353 1535 facile
1404 1492 1569 1548 dignos-

113 1568 259 1598 cuntur
291 1566 331 1597 et:
363 1557 403 1596 in
434 1556 570 1597 varios
605 1555 696 1597 Vsus
731 1556 951 1597 trahuntur.
1036 1555 1220 1599 varietas
1255 1556 1414 1611 durior,
1465 1555 1570 1597 mul-

115 1619 274 1674 ticolor,
323 1618 539 1675 polituram
571 1618 802 1675 admittens,
854 1633 959 1675 quae
994 1621 1157 1661 nomine
1194 1622 1406 1662 Marmoris
1440 1621 1569 1673 venit,

112 1682 231 1740 lippis
264 1694 303 1724 et
333 1682 558 1723 tonsoribus
591 1696 703 1736 nota,
760 1684 810 1724 ab
853 1683 1042 1724 omnibus
1083 1683 1167 1724 fere
1200 1683 1568 1753 peregrinatoribus

113 1745 248 1786 sedulo
282 1747 493 1800 inquiritur
528 1757 567 1786 et
599 1756 778 1799 notatur
811 1760 885 1787 nec
919 1760 991 1787 eos
1024 1745 1188 1801 quidem
1222 1746 1340 1800 fugit,
1375 1746 1443 1801 qui
1477 1743 1567 1786 nul-

114 1806 153 1847 la
186 1807 386 1862 reliquum
431 1807 612 1848 scientiae
663 1809 853 1849 naturalis
906 1811 1137 1863 cognitione
1188 1779 1382 1864 gaudent.
1436 1809 1568 1870 Quoto

116 1873 215 1911 enim
251 1871 333 1910 loco
371 1882 445 1911 non
469 1870 582 1922 sumn
617 1884 787 1911 marmor
815 1872 992 1913 inuenio?
1024 1870 1177 1912 Plinius
1212 1874 1349 1927 inquit.
1401 1856 1567 1913 Chemi-
1628 1902 1630 1905 ψ

115 1947 257 1973 corum
305 1947 404 1974 vero
453 1932 681 1973 industiiam
734 1933 835 1974 bafis
882 1934 1059 1975 calcarea
1109 1949 1330 1992 corpomm
1363 1934 1428 1977 vel
1462 1946 1567 1976 teria

114 1997 314 2051 primitiua
364 1994 480 2036 huius
529 1997 686 2050 generis
722 2007 761 2037 et
793 1995 886 2037 calx
925 1998 1018 2038 viua
1053 2000 1200 2054 magis,
1250 2012 1370 2054 quam
1426 1996 1565 2054 lapidis

116 2057 281 2099 calcat-ei
314 2058 424 2099 crudi
457 2072 634 2100 examen
668 2060 890 2109 excercuit3
939 2075 1021 2116 quo
1053 2074 1185 2118 partes
1221 2063 1452 2117 peregrinae
1493 2063 1566 2102 im-

115 2123 261 2164 mixtae
309 2132 512 2163 eruuntur.
595 2122 717 2165 Pauci
767 2121 901 2164 saltem
933 2124 981 2166 de
1023 2140 1072 2167 eo
1119 2124 1268 2167 solliciti
1315 2125 1476 2167 fuerunt
1523 2137 1567 2166 vc

809 2186 857 2229 Ii
890 2201 914 2241 3
1447 2189 1568 2245 parti-
