1972 2688
826 127 940 180 »este
1003 129 1023 180 )
1063 120 1201 179 250(
1268 125 1379 175 &323⁴-

368 244 556 290 facillime
594 240 726 296 subegi
758 235 1006 293 amalgama,
1039 236 1208 280 mollitie
1242 249 1369 277 aureo
1404 234 1657 282 simillimum.
1719 241 1835 288 Con-

368 312 520 354 tinuata
554 304 807 349 immerfione
841 303 932 360 puri
982 303 1111 346 stanni
1161 299 1341 360 perfecte
1392 311 1525 345 totum
1567 303 1676 349 dicto
1711 308 1836 353 modo

368 389 425 419 ex
459 373 651 417 solutione
685 365 970 411 ammoniacali
1005 368 1316 427 praecipitatum
1350 365 1407 409 est
1441 382 1624 426 cuprum.

811 496 1295 577 Experimentum
1339 517 1390 557 2.

556 592 765 638 Similibus
816 609 913 637 cum
968 593 1045 637 sale
1093 597 1351 638 ammoniaco
1400 595 1516 640 saetis
1577 594 1842 642 solutionibus

370 658 501 718 Cupri
534 657 724 701 iniectum
759 659 931 715 politum
963 659 1138 716 ferrum,
1173 672 1294 718 atque
1325 659 1459 703 fusum
1491 659 1686 716 Zincum,
1727 663 1841 705 colo-

370 740 415 767 re
449 722 613 780 quidem
646 720 775 764 multo
810 723 1095 765 rubicundiora
1111 761 1122 779 ‚
1155 724 1319 782 reliquis
1353 737 1490 768 autem
1523 727 1630 767 notis
1664 726 1843 782 perfecite

370 787 515 831 eadem
547 786 778 845 producunt
802 789 1080 845 praecipitata,
1106 802 1211 844 quae
1245 789 1368 832 limile
1396 788 1562 847 quidem
1587 790 1711 846 priori
1745 790 1843 834 dant

373 851 620 910 amalgama,
652 849 718 894 sed
752 867 848 896 cum
878 853 1081 896 mercurio
1115 851 1238 910 paulo
1274 855 1393 897 citius
1423 855 1532 897 coire
1566 852 1769 898 videntur.

827 979 1318 1058 Experimentum
1363 1003 1409 1055 ς.

558 1083 734 1130 Vitriolo
768 1085 884 1142 cupri
932 1082 1121 1125 caeruleo
1175 1081 1415 1124 sufficienter
1465 1098 1570 1139 aqua
1622 1084 1765 1142 diluto,
1800 1099 1853 1128 vt

371 1147 504 1204 prius,
542 1149 634 1191 loco
670 1148 756 1191 salis
791 1149 1054 1203 ammoniaci,
1096 1146 1223 1190 adieci
1258 1146 1425 1204 aequale
1457 1147 1626 1204 pondus
1655 1147 1740 1191 salis
1775 1164 1846 1191 cu-

372 1210 528 1267 linaris‚
571 1225 692 1270 atque
727 1212 905 1270 spathula
938 1212 1071 1269 lignea
1105 1213 1282 1268 agitaui⁷
1330 1226 1462 1268 Vsque
1498 1210 1598 1253 dum
1631 1210 1682 1253 sal
1715 1224 1851 1255 totum

372 1273 447 1316 fuit
495 1275 678 1320 solutum.
760 1277 1000 1320 Breuiffimo
1054 1277 1143 1334 post
1194 1276 1453 1318 iniectionem
1505 1275 1593 1318 salis
1644 1287 1850 1334 tempore,

375 1340 510 1382 omnis
544 1340 676 1397 liquor
708 1340 810 1383 laete
845 1341 1018 1383 viridem
1063 1338 1236 1382 affumfit
1283 1339 1487 1394 colorem,
1540 1339 1643 1382 laeui
1683 1340 1857 1398 superfi-·

373 1404 446 1444 ciei
483 1409 763 1464 supernatante
815 1405 965 1463 spuma.
1040 1405 1261 1461 Repositus
1309 1403 1557 1461 aliquamdiu
1591 1406 1633 1447 in
1669 1407 1855 1461 quietem-

374 1466 425 1508 ad
458 1466 631 1510 fundum
665 1471 757 1512 vitri
793 1469 975 1527 deposuit
1009 1468 1162 1525 aliquot
1195 1468 1337 1524 longas
1386 1467 1614 1523 crassasque
1654 1468 1848 1509 cristallos

375 1529 464 1571 salis
517 1533 708 1575 mirabilis
745 1533 949 1575 Glauberi.
1029 1533 1156 1574 Hunc
1204 1531 1354 1574 deinde·
1399 1531 1600 1588 liquorem
1648 1529 1771 1572 diuidi
1806 1532 1854 1572 iu>

376 1606 458 1635 tres
508 1607 642 1651 partes
692 1596 902 1652 aequales,
954 1609 1128 1651 quarum
1168 1598 1238 1637 vni
1273 1595 1445 1649 ferrum,
1495 1595 1610 1637 alteri
1648 1594 1847 1650 Zincum‚

378 1658 519 1699 tertiae
569 1659 755 1701 stannum
804 1659 931 1701 inieci.
995 1658 1172 1699 Zincum
1221 1659 1428 1699 euidenter
1477 1660 1631 1699 maiore
1682 1658 1853 1715 reliquis>

376 1735 473 1762 cum
497 1720 796 1765 efferuescentia
829 1722 1073 1776 solucbatur‚
1108 1734 1229 1777 atque
1262 1723 1414 1763 interea
1447 1720 1587 1763 sentim
1618 1720 1694 1763 sese
1730 1737 1848 1779 prae-

376 1786 548 1841 cipitans
598 1802 772 1843 cuprum
821 1785 1072 1845 superficiem
1121 1787 1210 1827 eius
1258 1787 1443 1841 cingebat
1492 1786 1623 1827 crusta
1672 1785 1847 1841 tumida,

377 1847 603 1904 spongiola,
658 1850 849 1907 superiori
899 1848 1055 1903 similis,
1107 1847 1170 1891 sed
1205 1851 1384 1891 tenacior
1417 1860 1456 1890 et
1487 1851 1685 1891 maiorem
1720 1850 1856 1891 confi--

376 1912 561 1953 stentiam
597 1913 770 1968 habens,
819 1914 968 1956 coloris
1016 1913 1244 1969 ferruginei.
1312 1915 1427 1956 Haec
1476 1912 1643 1955 demum
1675 1912 1725 1955 ad
1758 1928 1846 1955 cer-

377 1986 460 2017 tam
511 1977 627 2019 auaa
681 1978 852 2033 molem,
903 1978 1040 2034 sponte
1074 1979 1115 2019 in
1151 1977 1306 2034 liquore
1356 1978 1407 2020 ab
1441 1992 1490 2018 eo
1526 1976 1687 2031 secedit,
1738 1980 1844 2016 intus

379 2054 578 2095 concaua,
630 2041 799 2098 figuram
836 2041 1120 2083 senii-mctalli
1172 2041 1347 2098 pei-fcRe
1396 2040 1625 2098 impressam
1672 2039 1845 2093 habens,

380 2114 500 2159 atque
552 2117 670 2163 rupta
719 2105 892 2161 denique
942 2105 1105 2147 diuersis
1158 2105 1338 2148 flocculis
1374 2120 1483 2147 nunc
1514 2103 1566 2145 ad
1594 2101 1845 2157 superficiem

378 2165 544 2222 liquoris
577 2168 767 2226 ascendit,
809 2185 918 2213 nunc
953 2171 1100 2212 iterum
1133 2170 1184 2213 ad
1216 2169 1389 2213 fundum
1421 2165 1624 2207 delabitur.
1691 2165 1843 2208 Extra-

1781 2228 1843 2272 &a
