1972 2688
537 129 649 181 »ev-:3
709 124 904 185 )249⁷(
966 129 1080 181 &390⁴-

86 257 276 304 vapores,
330 242 396 299 qui
431 250 475 283 vt
507 241 696 282 omnibus
731 240 817 281 aliis
867 239 1054 290 metallis,
1097 238 1151 279 ita
1200 250 1327 293 cupro
1366 250 1537 293 ,quoque

86 311 266 354 maxime
298 306 385 348 sunt
417 306 553 358 noxii3
597 303 743 344 idcirco
792 305 1096 360 praecipitatum
1129 298 1223 342 illud
1255 314 1330 357 pro
1363 313 1466 356 puro
1502 312 1541 340 et

88 375 239 416 sincero
273 368 434 413 metallo
465 368 630 409 minime
664 367 840 426 reputari
873 366 1002 409 debet.

280 493 533 538 Solutionem
565 492 694 549 Cupri
727 494 767 534 in
806 491 922 534 acido
970 490 1077 546 salis,
1125 503 1229 547 quae
1277 489 1398 530 variis
1448 502 1543 529 cum

91 561 261 606 metallis
294 559 440 615 pariter
474 558 540 599 dat
573 555 818 598 metallicum
853 555 1177 613 praecipitatum,
1204 552 1322 608 cuius
1355 550 1458 592 solus
1491 550 1544 592 Il-

92 626 196 668 lustr.
236 623 429 665 Vallertus
461 621 503 676 '³²³‘)
540 621 707 661 breuem
739 618 857 661 semel
889 619 981 659 fecit
1013 617 1280 667 mentionem,
1330 627 1452 654 nemo
1484 615 1545 655 vi-

93 688 208 730 detur
242 686 315 726 rite
349 682 613 737 examinasse,
666 684 759 739 quia
805 683 882 723 hoc
912 679 1162 721 menstruum
1214 672 1443 717 immediate
1475 689 1548 732 per

92 751 130 793 se
163 752 354 805 exiguam
387 749 428 788 in
462 746 499 788 id
534 746 653 788 habet
684 746 890 787 actionem.
954 741 1111 785 Verum
1141 754 1207 781 me
1240 739 1338 779 haec
1372 737 1451 794 ipsa
1483 753 1547 779 ra-

95 816 150 856 tio
185 812 337 865 docuit,
373 811 401 852 fi
432 824 558 867 parua
589 807 702 850 acido
735 807 826 847 huic
859 805 914 847 est
946 805 1116 847 affinitas
1149 817 1244 843 cum
1279 799 1446 858 Cupr0,
1498 816 1547 841 eo

95 878 307 919 meliorem
342 888 483 915 eorum
517 871 808 927 separationem
841 867 1141 922 facilioremque
1185 866 1269 907 fleri
1295 859 1547 921 'praecipita-

95 942 265 993 tionem,
301 948 339 978 et
368 937 509 994 purius
542 935 812 990 sinceriusque
849 932 1019 973 obtineri
1053 930 1198 975 debere
1232 929 1546 986 praecipitatum.

545 1061 1016 1138 Experimentum
1066 1082 1105 1116 1.

280 1148 435 1203 Accepi
476 1147 608 1202 itaque
648 1145 806 1189 Vitrioli
840 1144 968 1203 Cupri
1010 1143 1163 1188 venalis
1205 1143 1355 1185 certam
1390 1142 1545 1196 quanti-

97 1221 239 1262 tatem,
273 1209 370 1251 solui
402 1208 496 1250 illud
530 1211 570 1250 in
606 1208 807 1250 sufficienti
863 1211 977 1265 copia
1010 1222 1139 1264 aquae
1172 1206 1366 1259 feruidae,
1418 1202 1546 1244 soluto

98 1272 265 1329 aequale
297 1272 381 1314 fere
413 1271 537 1313 adieci
570 1270 730 1327 pondus
765 1272 911 1313 florum
962 1271 1048 1312 salis
1083 1271 1341 1323 ammoniaci,
1389 1281 1435 1307 ac
1472 1279 1546 1319 pro

97 1338 268 1389 ratione,
317 1350 396 1391 qua
429 1334 503 1375 hoc
538 1336 837 1375 ammoniacum
869 1334 1110 1388 soluebatur,
1160 1333 1367 1374 caeruleus
1400 1328 1548 1371 viti-ioli

98 1398 212 1439 color
244 1400 284 1439 in
316 1396 485 1440 viridem
516 1398 765 1451 mutabatur,
809 1412 855 1438 ac
888 1397 1059 1453 denique
1092 1409 1175 1438 tota
1209 1395 1348 1436 solutio
1381 1391 1546 1449 pulchre

97 1460 222 1518 prasei
255 1459 403 1501 coloris
438 1460 492 1501 est
527 1459 649 1513 facta,
701 1457 955 1516 perfecteque
999 1458 1163 1516 limpida
1212 1458 1364 1499 mansit.
1435 1453 1546 1495 Post-

95 1537 221 1579 quam
272 1521 476 1564 dimidiam
524 1524 678 1564 circiter
713 1523 855 1565 horam
888 1524 989 1564 stetit
1023 1525 1063 1563 in
1097 1523 1248 1577 quiete,
1298 1517 1470 1561 immersi
1512 1517 1548 1556 ei

96 1586 267 1627 frustum
301 1587 390 1642 puri
424 1586 567 1639 stanni,
620 1585 728 1641 quod
763 1585 907 1627 eodem
947 1585 1030 1627 fere
1065 1595 1274 1626 momento
1326 1579 1550 1623 sensibiliter

98 1647 315 1704 nigrescere
349 1650 496 1704 caepit,
549 1661 588 1688 et
622 1663 695 1704 per
727 1649 990 1703 quadrantem
1026 1648 1148 1689 horae
1189 1647 1425 1697 tenerrima,
1477 1643 1552 1682 vix

99 1711 313 1753 laeuissime
347 1713 449 1752 inter
481 1710 517 1752 se
552 1710 791 1753 cohaerente
840 1713 968 1753 crusta
1018 1709 1222 1767 spongiosa
1254 1708 1417 1750 obscure
1451 1703 1552 1744 fului

101 1774 247 1814 coloris
280 1784 412 1814 totum
444 1772 518 1814 fuit
552 1773 781 1815 obductum.
850 1775 1063 1829 Exempto
1099 1788 1148 1814 eo
1183 1782 1297 1812 caute
1332 1784 1387 1811 ex
1422 1766 1552 1823 liquo-

102 1850 166 1889 re,
235 1837 284 1875 ab
332 1837 479 1889 exigua
529 1835 799 1890 concussione,
854 1837 982 1877 crusta
1029 1835 1094 1875 illa
1143 1834 1389 1890 praecipitati
1439 1832 1553 1887 cupri

104 1897 243 1954 sponte
277 1896 360 1936 fere
393 1908 476 1937 tota
509 1898 558 1937 ab
592 1896 658 1936 illo
693 1896 869 1953 separata
909 1899 1000 1951 fuit,
1037 1911 1159 1952 quam
1193 1895 1385 1953 spathula,
1436 1894 1555 1934 inst-ar

106 1959 343 2018 pulticulae,
377 1973 471 2001 cum
503 1960 702 2001 mercurio
737 1961 958 2014 miscendo,
993 1963 1032 2002 in
1069 1975 1215 2017 purum
1250 1971 1289 2002 et
1333 1957 1556 2018 perfectum

1445 2017 1556 2060 facil-

160 2108 198 2155 ⁸)
219 2107 398 2201 thfistlhg
426 2107 549 2194 glzemie
572 2112 704 2145 zweiter
736 2107 841 2153 leeil,
873 2109 970 2146 drifte
996 2109 1064 2146 mul
1087 2113 1184 2146 vierte
1209 2105 1452 2151 Ablmnfflzmg,
1491 2087 1562 2152 ξαρ.

297 2169 342 2196 22.
395 2186 400 2192 .
453 2186 460 2194 .

110 2209 208 2252 Acta
226 2210 356 2253 Acad.
375 2211 442 2251 Sc.
467 2210 558 2265 Imp.
575 2210 682 2254 Tom.
705 2210 763 2252 VI.
787 2211 869 2252 P.l.
1161 2208 1179 2249 Ι
1212 2209 1225 2248 i
