1972 2688
578 163 689 214 »ἓῡῖἓ
752 158 767 215 )
805 172 826 199 2
839 172 856 199 1
900 160 917 215 ί
979 157 1088 210 5203<-

110 280 212 322 ceffe
245 278 326 328 est,
369 285 415 319 vt
450 277 581 319 radius
618 285 863 316 curuaturae
896 286 972 328 pro
1009 270 1156 312 talibus
1193 268 1296 311 binis
1332 268 1550 312 elementis

111 343 376 396 exploretur,
430 343 596 393 eiusque
630 352 713 380 non
750 338 877 379 solum
914 336 1137 392 quantitas,
1189 334 1253 375 sed
1289 335 1411 374 etiam
1450 334 1552 386 post-

115 409 175 447 tio
217 406 398 460 respectu
446 416 659 445 ternorum
711 403 852 441 axium
890 401 1119 453 assignetur.
1187 396 1365 437 Euidens
1416 407 1554 439 autem

112 471 188 520 est,
236 470 307 510 has
343 469 588 523 posteriores
638 465 1004 504 determinationes
1052 460 1338 502 differentialia
1390 460 1554 502 secundi

108 534 257 586 gradus
293 532 532 578 inuoluere,
571 539 752 581 quorum
797 526 1117 578 repraesentatio
1153 526 1194 565 in
1231 523 1358 578 figura
1394 525 1555 568 taedio-

111 599 195 638 sam
232 597 508 637 attentionem
543 591 749 646 postulare
786 588 899 630 solet.

293 772 327 820 ξ.
364 784 403 820 3.
472 768 585 810 Ante
619 770 763 810 omnia
806 776 944 809 autem
998 766 1217 808 conueniet
1262 762 1466 805 calculum
1503 765 1560 805 ita

109 830 303 885 exsequi,
344 845 391 875 vt
424 834 525 874 nulli
561 842 776 874 ternorum
811 833 953 874 axium
991 843 1089 885 prae
1125 829 1295 883 reliquis
1332 827 1409 868 vlla
1445 840 1561 881 prae·

109 897 294 949 rogatiua
347 898 578 946 tribuatur,
629 907 751 950 atque
803 896 946 937 omnia
996 897 1085 948 pari
1139 893 1266 934 modo
1316 891 1364 931 ad
1411 903 1562 931 vnum-

110 972 320 1013 quemque
371 961 510 1002 restrri
562 970 729 1013 queant.
813 960 1024 1008 Huncin
1059 959 1186 998 finem
1236 956 1369 1009 ipsum
1422 967 1559 996 arcum

109 1036 272 1072 curmae,
308 1037 432 1077 quem
469 1036 666 1064 vocemus
705 1035 818 1069 ῖς,
856 1033 1051 1075 tanquam
1088 1019 1349 1074 praecipuam
1387 1015 1564 1057 variabi-'

111 1087 194 1127 lem
227 1087 265 1125 in
296 1089 497 1130 calculum
522 1088 876 1139 introducamus,
913 1085 962 1126 ad
999 1095 1169 1136 eamque
1201 1093 1346 1124 omnes
1381 1080 1559 1133 reliquas

109 1150 324 1192 variabiles
376 1162 642 1200 reuocem1153
695 1152 750 1189 ita
794 1159 837 1188 vt
885 1160 1029 1189 omnes
1080 1157 1278 1198 tanquam
1327 1143 1560 1184 functiones

110 1212 231 1266 ipsius
267 1226 287 1253 s
323 1215 484 1265 spectari
536 1224 702 1266 queant.
768 1212 891 1252 Hunc
927 1213 968 1252 in
1003 1210 1130 1251 finem
1166 1210 1390 1248 statuamus
1429 1207 1561 1247 statim

111 1285 163 1326 ab
198 1286 316 1328 initio
349 1289 523 1341 dxzp
543 1288 619 1334 ds,
653 1285 910 1338 dyzqu
946 1293 986 1324 et
1019 1286 1177 1325 dz:r
1198 1283 1282 1333 ds,
1323 1282 1430 1324 vnde
1462 1294 1559 1325 cum

111 1357 158 1397 sit
210 1358 835 1409 ds²zdx²÷dy²÷dz²,
889 1358 968 1398 erit
1015 1361 1250 1410 pp—i-qq
1273 1361 1489 1399 -†-rr:
1513 1368 1559 1407 1,

111 1429 285 1480 ideoque
339 1428 653 1471 differentiando
707 1437 734 1484 p
752 1431 816 1483 dp
834 1438 897 1477 -ὶ-
923 1442 946 1483 q
965 1429 993 1469 d
1009 1443 1033 1483 q
1052 1437 1111 1475 4-
1130 1443 1150 1471 r
1167 1429 1230 1469 dr
1246 1441 1297 1470 Ξ
1317 1439 1357 1466 0.
1437 1427 1558 1467 Tum

108 1502 209 1532 vero
257 1492 361 1532 nihil
413 1493 612 1546 impedit,
660 1506 742 1546 quo
779 1494 912 1533 miuus
962 1494 1219 1534 elementum
1255 1491 1281 1531 d
1297 1504 1317 1532 s
1350 1503 1426 1544 pro
1460 1502 1561 1532 con-

110 1554 235 1594 stante
290 1556 536 1607 accipiamus
555 1586 565 1604 ‚
632 1558 964 1610 quandoquidem
1022 1557 1251 1610 aequaliter
1307 1556 1355 1595 ad
1421 1554 1560 1606 fingu-

109 1617 171 1656 los
206 1630 299 1658 axes
335 1619 509 1660 rcfertur
523 1650 532 1667 ,
587 1621 693 1660 vnde
728 1622 1013 1661 nanciscemur
1055 1618 1342 1662 differentialia
1386 1617 1557 1659 secundi

108 1681 255 1733 gradus
293 1682 669 1737 ddx1dpds3
718 1685 1055 1737 ddyquds
1089 1694 1129 1724 et
1177 1682 1368 1723 ddz:
1394 1680 1556 1731 drds,

109 1744 244 1795 sicque
280 1745 356 1788 hoc
391 1748 521 1787 modo
555 1748 840 1789 differentialia
877 1747 1045 1790 secunda
1081 1747 1245 1801 penitus
1278 1744 1537 1786 euitabimus.·

296 1908 327 1955 §.
364 1920 429 1955 4.-
475 1907 790 1953 Consideremus
836 1924 944 1952 nunc
981 1911 1142 1952 seorfim
1184 1910 1434 1950 elementum
1472 1919 1562 1951 cut·-
1584 1904 1672 1943 Tab.
1697 1912 1727 1946 Ι.

113 1979 187 2007 vae
221 1964 372 2008 Zz:
397 1969 484 2019 ds,
535 1975 642 2024 quod
686 1975 903 2023 quomodo
938 1974 984 2013 ad
1022 1984 1158 2015 ternos
1195 1973 1352 2013 nostros
1388 1985 1487 2014 axes
1525 1974 1563 2013 se

112 2030 258 2071 habeat
305 2032 528 2074 videamus.
607 2035 728 2074 Hunc
774 2039 815 2076 in
852 2035 975 2076 finem
1011 2049 1064 2079 ex
1097 2040 1251 2090 puncto
1292 2034 1329 2076 Z
1364 2039 1562 2079 ducamus

111 2094 238 2133 rectas
274 2090 361 2148 Zp,
393 2092 465 2148 Zq
501 2106 541 2137 et
578 2096 660 2146 Zr,
697 2101 840 2140 axi-bus
877 2100 1103 2151 parallelas,
1137 2112 1178 2141 et
1214 2102 1340 2153 ipsum
1377 2101 1562 2142 elemen-

112 2164 202 2198 tum
244 2154 317 2197 Zz
361 2161 436 2199 erit
482 2160 712 2213 diagonalis
758 2163 1092 2219 parallelepipedi
1136 2180 1157 2207 a
1204 2165 1331 2205 ternis
1366 2164 1563 2206 lateribus

839 2224 937 2276 Ca
1488 2222 1562 2284 Zp

1597 1958 1664 2007 Fig.
1691 1965 1727 1995 6.
