1972 2688
564 250 679 302 »20ss
745 242 939 303 )273(
1004 243 1119 296 &323⁴-

113 361 312 411 uehitur,
376 360 523 411 scalis,
583 359 863 402 fundamentis
918 370 965 399 ac
1016 356 1271 399 ornamentis
1323 356 1573 414 palatiorum

115 429 329 471 idoneum.

302 548 336 596 §.
372 551 448 597 46.
514 543 623 586 Cum
663 545 789 586 acidis
827 545 936 586 lente
972 544 1213 586 efferuescit.
1279 544 1404 596 Aqua
1445 543 1576 585 destil-

121 611 205 652 lata
236 611 306 652 sub
340 610 531 651 coctione
568 608 690 650 libras
740 610 823 650 duo
860 621 955 648 cum
1007 609 1133 650 tribus
1189 608 1344 657 quartis
1381 620 1402 647 e
1439 618 1580 649 cente·

117 675 236 715 riano
296 674 430 715 soluit.
511 671 678 713 Solutio
729 682 951 725 euaporata
1003 665 1117 709 acidi*
1163 670 1248 711 salis
1301 671 1577 723 praesentiam

121 739 262 792 prodit
299 748 339 778 et
373 737 527 777 calcem
583 737 735 776 salitam
790 733 982 786 porrigit.
1049 728 1321 792 Centenarios
1355 744 1437 773 tres
1473 747 1580 773 mar-

125 803 251 842 moris
290 800 524 853 puluerisati
559 798 815 839 destillationi
853 808 1068 848 exponens
1108 794 1207 850 (vid.
1236 806 1352 837 retro
1385 796 1579 837 Marmor

122 861 195 917 G.)
233 863 427 918 phlegma
462 862 542 902 albi
579 861 754 908 coloris,
791 871 1065 912 empyreuma
1097 860 1213 900 olens
1248 861 1436 908 obtinui,
1474 861 1579 901 acidi

120 927 210 968 salis
242 927 512 981 praesentiam
547 924 694 966 clarius
734 923 989 969 monstrans,
1040 934 1164 975 quam
1203 937 1307 976 quae
1355 924 1580 964 extrad'iio-

121 1003 175 1032 ne
210 991 356 1043 aquosa
391 992 429 1030 se
465 989 660 1042 prodidit.
746 984 1037 1026 Destillatione
1074 999 1167 1038 pars
1205 998 1346 1039 quarta
1384 987 1579 1039 ponderis

121 1054 344 1097 marmoris
381 1053 495 1095 crudi
530 1050 786 1104 perdebatur.
856 1046 980 1090 Libae
1024 1049 1096 1089 sex
1130 1050 1197 1090 vel
1234 1051 1329 1091 ocio
1366 1050 1583 1103 phlegma-

122 1118 175 1159 tis
211 1116 314 1157 vafis
364 1114 632 1155 destillatoriis
684 1113 802 1156 facile
851 1111 1136 1154 adhaerebant.
1215 1112 1410 1153 Marmor
1443 1113 1579 1170 vsturn

123 1180 275 1221 coloris
310 1177 404 1218 albo
438 1177 559 1230 grisei
595 1187 707 1224 erat,
745 1187 836 1217 cum
869 1177 1012 1224 acidis,
1065 1175 1291 1217 etiamnum
1343 1176 1584 1218 efferuesce-

122 1243 216 1294 bat;
251 1253 351 1294 aqua
386 1241 642 1290 extinctum,
679 1243 828 1293 absque
866 1239 1031 1288 calore,
1070 1239 1224 1280 calcem
1263 1242 1513 1283 albidiorem
1540 1250 1582 1281 et

124 1305 382 1348 subtiliorem
419 1315 459 1346 et
494 1316 641 1356 aquam
697 1304 819 1344 calcis
876 1302 999 1343 dedit.
1070 1299 1359 1344 Calcinatione
1412 1303 1507 1356 igne
1544 1317 1588 1343 a-

125 1379 247 1423 perto
299 1367 503 1415 instituta,
539 1379 560 1406 e
598 1365 830 1407 centenario
867 1377 948 1405 non
985 1365 1092 1406 vltra
1141 1365 1263 1405 libras
1311 1367 1463 1419 viginti
1502 1377 1581 1406 tres

124 1431 413 1486 perdebantur.
489 1426 601 1470 Calx
643 1430 871 1477 lutescens,
922 1441 1023 1481 aqua
1059 1429 1241 1470 extindta
1277 1430 1387 1471 rudis
1423 1439 1463 1468 et
1507 1430 1585 1468 im-

125 1496 220 1598 pugi
256 1493 405 1535 coloris
439 1493 704 1537 reddebatur.
768 1493 939 1546 Aquam
975 1491 1095 1534 calcis
1132 1493 1356 1535 admodum
1403 1492 1584 1534 debilem

123 1558 172 1599 de
203 1558 247 1601 it.

307 1678 343 1727 ξ.
378 1688 452 1729 47.
517 1677 696 1720 Acidum
733 1677 821 1720 salis
858 1692 880 1721 e
916 1681 1149 1722 centenario
1197 1678 1318 1722 libras
1370 1679 1581 1732 octoginta

126 1748 205 1780 tres
242 1739 372 1782 soluit.
440 1740 604 1783 Solutio
638 1743 859 1783 flauescens
882 1773 892 1791 ,
928 1745 1044 1785 alcali
1080 1744 1377 1797 phlogisticato
1416 1742 1582 1789 addito,

129 1802 273 1842 colore
318 1805 439 1854 cyani
487 1805 746 1845 imbuebatur
780 1815 822 1845 et
858 1805 982 1848 libras
1033 1808 1115 1847 fere
1166 1806 1264 1845 duas
1316 1804 1579 1859 praecipitati

131 1863 306 1904 caerulei
340 1867 461 1909 dedit.
529 1866 705 1919 Reliqua
741 1867 905 1921 solutio,
932 1869 1049 1910 alcali
1069 1869 1239 1908 Tartari
1275 1868 1429 1916 addim,
1466 1881 1584 1922 prae-

129 1926 349 1980 cipitatum
384 1928 522 1969 album
558 1930 713 1982 impuri
749 1932 901 1973 coloris
938 1932 1151 1984 praebuit,
1185 1932 1296 1984 quod
1331 1944 1424 1972 cum
1462 1932 1581 1972 acido

130 1990 345 2031 vitriolico
381 1992 562 2033 sttrenue
614 1991 908 2036 efferuescebat
942 2005 983 2035 et
1017 1996 1058 2035 in
1098 1998 1272 2049 gypsum
1308 1994 1580 2036 caerulescens

132 2052 383 2095 mutabatur.
451 2055 610 2107 Liquor
652 2055 843 2110 superstes
895 2057 1014 2099 acido
1065 2058 1267 2101 abundans
1318 2059 1580 2110 euaporando

136 2117 323 2169 primum
356 2117 479 2160 libras
514 2118 581 2159 sex
617 2118 793 2160 selenitis
827 2121 1095 2171 flocculenti,
1144 2123 1238 2162 dein
1274 2121 1394 2162 alcali
1443 2124 1582 2162 ae‘rato

132 2179 332 2220 saturatus
369 2181 489 2223 libras
524 2182 740 2223 duodecim
776 2193 908 2224 terrae
938 2186 1176 2239 argillaceae
1211 2186 1347 2234 dedit,
1381 2194 1420 2226 et
1457 2184 1584 2235 chry-

136 2242 389 2293 ssallisando‚
434 2255 594 2299 praeter
629 2245 742 2287 alcali
776 2248 1070 2301 vitriolatum‚
1108 2249 1215 2289 vltra
1250 2249 1371 2290 libras
1422 2249 1581 2302 septen-

134 2315 233 2360 Atra
249 2320 372 2362 Acad.
392 2321 495 2376 Imp.
512 2322 579 2365 Sc.
598 2322 704 2366 Tam.
720 2322 780 2366 VI.
798 2326 844 2366 P.
862 2323 894 2367 1.
1108 2323 1162 2365 Μ
1201 2336 1242 2364 m
1443 2324 1578 2364 decim
