1972 2688
858 181 972 231 uto-:3
1037 175 1232 232 ›120‹
1297 178 1413 228 eze«-

585 299 621 349 §-
661 307 731 335 22.
800 287 928 345 Quod
965 287 993 329 fi
1030 289 1111 330 iam
1148 287 1250 330 haec
1284 288 1429 331 calculi
1462 298 1680 345 praecepta
1715 293 1765 334 ad
1800 303 1864 333 ca-

403 363 466 405 sus
513 359 836 404 determinatos,
885 351 1033 406 quibus
1082 353 1237 394 scilicet
1291 354 1436 395 omnia
1483 355 1688 397 elementa
1741 355 1862 397 status

403 424 571 467 initialis
608 435 680 477 per
715 430 916 460 numeros
951 416 1158 459 absolutos
1193 417 1348 460 fuerint
1383 419 1497 467 data,
1548 420 1865 461 accommodare

373 490 604 538 'velimus,
655 485 766 527 circa
803 481 1057 537 quantitates
1109 482 1306 535 singulas,
1359 494 1463 537 quae
1500 481 1569 523 hic
1615 491 1867 531 occurrunt,

400 554 565 595 ratione
598 550 833 596 imitatum,
872 548 919 588 ad
955 558 1056 599 quas
1094 546 1352 597 referantur,
1405 547 1604 600 quaedam
1644 548 1734 588 sunt
1772 558 1866 587 mo-

399 616 546 658 nenda.
613 613 679 656 Ac
715 617 856 666 primo
893 610 1060 664 quidem
1113 611 1348 651 mensuram
1386 612 1591 665 temporis
1627 612 1709 651 iam
1749 610 1870 650 stabi-

399 681 595 724 liuimus‚
632 678 789 731 quippe
824 688 948 728 quam
985 674 1025 713 in
1055 674 1225 715 minutis
1264 676 1448 716 secundis
1481 676 1667 732 exprimi
1703 674 1870 715 affumi-

401 757 508 786 mus.
571 741 740 784 Deinde
775 752 876 781 vero
911 739 1081 790 angulos
1118 734 1159 790 (D
1193 750 1234 778 et
1270 737 1288 778 Θ
1325 740 1366 778 in
1411 740 1595 791 partibus
1633 739 1759 787 radii,
1795 740 1868 790 qui

400 810 528 850 etiam
563 809 725 849 vnitate
762 803 962 856 defiguari
999 801 1132 847 solet,
1169 804 1352 855 exprimi
1392 804 1628 850 sumamus,
1664 814 1769 854 quos
1806 814 1874 841 er-

401 886 478 926 go,
513 871 612 912 dum
646 881 793 910 eorum
831 867 935 907 finus
960 875 1002 905 et
1039 865 1199 905 cosmus
1237 868 1517 920 accipiuntur,
1551 876 1648 907 ante
1673 868 1721 907 ad
1758 877 1871 906 men·

402 937 513 976 suras
567 934 702 976 solitas
756 944 827 986 per
877 930 1020 985 gradus
1069 939 1109 970 et
1163 931 1320 970 minuta
1390 932 1573 982 exprimi
1643 929 1870 984 oportebit,

403 998 670 1054 Quantitates
707 997 877 1037 tandem
918 994 1238 1044 longitudinales
1273 1002 1353 1034 set
1382 999 1427 1047 p,
1464 995 1617 1046 pariter
1653 1006 1698 1033 ac
1730 994 1877 1035 altitu-

403 1065 544 1105 dinem
580 1075 628 1116 g,
664 1063 706 1102 in
746 1057 948 1100 mensuris
985 1053 1214 1104 consuetis,
1269 1058 1397 1098 veluti
1434 1057 1626 1109 pedibus,
1663 1057 1867 1098 exhibere

407 1128 571 1178 licebit3
605 1126 674 1166 vbi
710 1124 898 1177 quidem,
936 1122 976 1160 in
1012 1122 1188 1172 gratiam
1228 1121 1388 1165 calculi,
1411 1121 1616 1159 eiusmodi
1653 1122 1775 1173 pedes
1810 1121 1870 1160 as-

407 1193 514 1233 sumi
548 1190 789 1237 conueniet,
845 1196 1025 1237 quorum
1068 1189 1122 1222 16
1159 1185 1383 1238 pratbeant
1439 1182 1700 1224 altitudinem
1738 1184 1870 1237 lapsus

408 1268 448 1308 g.
495 1255 569 1295 His
605 1255 734 1308 igitur
769 1251 1023 1305 praenotatis
1060 1249 1240 1300 aliquem
1277 1248 1415 1288 casum
1454 1246 1667 1300 specialem
1702 1259 1770 1300 per
1792 1249 1873 1288 cal·-

409 1321 556 1361 culum
609 1318 879 1363 euoluamus,
934 1315 1046 1354 cuius
1083 1311 1248 1353 fortasse
1286 1313 1476 1352 tractatio
1529 1311 1707 1352 sternere
1759 1312 1874 1351 viam

405 1383 563 1440 poterit
598 1384 646 1424 ad
685 1380 935 1423 solutionem
986 1376 1240 1430 completam
1277 1377 1404 1419 nostri
1453 1374 1736 1417 Problematis
1778 1387 1876 1428 pro-

408 1448 543 1504 pofiti.

736 1504 1057 1584 Descriptio
1094 1501 1244 1561 casus
1306 1501 1550 1583 specialis

846 1609 925 1650 hac
963 1607 1166 1648 methodo
1202 1607 1445 1652 euoluendi,

597 1706 631 1754 §.
669 1715 742 1752 23.
806 1703 868 1744 Sit
906 1703 1087 1751 baculus,
1122 1703 1186 1744 seu
1223 1703 1361 1755 potius
1398 1700 1525 1748 trabs,
1559 1698 1873 1754 parallelepipe-

409 1774 510 1813 dum
563 1781 617 1808 12
655 1769 777 1821 pedes
825 1768 1024 1820 longum,
1076 1767 1190 1807 cuius
1227 1766 1398 1806 dimidia
1437 1763 1631 1805 craffities
1670 1764 1717 1806 fit
1753 1764 1875 1804 semi·

410 1837 527 1892 pedis
564 1832 768 1888 (latitudo
802 1833 914 1872 enim
952 1844 1033 1872 non
1070 1832 1110 1870 in
1147 1841 1393 1883 computum
1432 1825 1694 1882 ingreditur).
1761 1825 1876 1868 Cen·

412 1911 525 1940 trum
563 1897 776 1949 grauitatis
812 1906 949 1936 autem
988 1896 1028 1934 in
1066 1895 1249 1935 medium
1288 1895 1420 1940 cadat,
1456 1895 1510 1933 ita
1533 1901 1575 1930 vt
1611 1894 1696 1933 eius
1730 1891 1878 1932 distan-

414 1964 471 2005 tia
508 1962 555 2000 ab
593 1970 769 2012 vti-oque
807 1960 991 2000 termino
1027 1958 1074 1998 fit
1098 1962 1125 1997 6
1159 1958 1337 2013 pedum,
1372 1958 1484 1997 cuius
1520 1956 1709 2007 quadrati
1745 1957 1873 1995 triens

419 2040 473 2067 12
510 2023 623 2065 dabit
676 2025 863 2063 valorem
919 2022 1039 2077 ipsius
1085 2021 1174 2071 kk,
1227 2022 1432 2062 existente
1483 2019 1652 2061 dimidia
1704 2016 1873 2058 craffitie

413 2091 509 2132 b:
532 2097 613 2136 075
654 2088 790 2138 pedi53
845 2098 930 2128 tum
970 2100 1070 2127 vero
1104 2087 1151 2127 sit
1184 2086 1307 2125 etiam
1345 2085 1540 2126 diameter
1573 2078 1749 2133 cylindri
1795 2078 1873 2121 ho-

413 2152 648 2198 rizontalis‚
691 2152 811 2202 lupcr
852 2163 934 2202 quo
971 2151 1079 2190 trabs
1117 2150 1340 2195 delabitur,
1375 2149 1495 2187 vnius
1533 2143 1665 2194 pedis,
1699 2143 1871 2193 eiusque

412 2218 550 2260 radius
588 2213 836 2266 CA:0‚5
877 2224 919 2255 et
955 2213 1223 2256 interuallum
1259 2202 1744 2254 Bcza÷bzcz1
1779 2207 1870 2257 ped.

1671 2268 1872 2310 existente
