1972 2688
830 157 946 208 »22³3
1009 148 1207 209 ΝΜ(
1268 140 1386 202 &ie-'3⁴⁴

388 273 507 315 rione
544 272 736 313 inuentus
771 266 881 309 fuiffe
914 265 1157 317 dicebatur,
1211 264 1252 305 id
1288 263 1403 317 quod
1437 264 1607 308 Vnicum
1642 263 1728 306 fere
1766 267 1855 307 col-

388 336 610 377 lectoribus
662 331 912 373 calculorum
966 340 1007 370 et
1059 339 1207 370 notum
1260 328 1338 368 eih-
1398 328 1593 382 Ignorare
1625 328 1749 370 enim-
1773 329 1852 370 sese

389 401 600 448 fatentur,
652 397 694 435 in
740 408 824 449 quo
867 394 1022 435 viscere
1069 395 1178 447 apud
1222 391 1491 447 Acipenseres
1527 393 1624 433 talia
1660 400 1856 433 concreta

388 465 678 516 reperiantur,
731 459 909 512 reddunt
955 469 1036 510 que
1084 457 1323 504 rationem,
1375 457 1489 510 quod
1525 457 1599 510 ipfi
1634 456 1863 511 piscatores

385 538 470 579 pro.
517 523 733 566 domicilio
788 522 1044 564 calculorum
1099 534 1208 563 nunc
1259 520 1360 563 haec-
1397 533 1511 562 nunc·v
1541 522 1626 563 alia
1662 515 1857 573 assignent

385 589 477 630 loca
504 619 515 639 ,
567 597 610 628 et
660 588 859 629 rariffime
906 590 947 629 in
994 598 1047 626 eo
1090 587 1196 626 inter
1232 586 1268 625 se
1304 589 1575 628 conueniant.
1644 581 1714 626 Sic
1749 596 1859 625 anno

393 657 514 701 1769
553 651 732 693 relatum
771 650 844 691 fnit
881 648 1024 693 Celeb;
1059 649 1200 690 Pallas
1234 648 1282 690 ad
1322 663 1437 690 mare
1474 649 1675 703 Caspium
1699 684 1713 705 ,
1750 648 1860 701 quod

388 715 537 757 calculi
573 714 793 755 Husonum
831 713 1064 754 constanter
1101 725 1370 754 occurrerent
1405 715 1447 753 in
1484 714 1646 754 sinubus
1687 722 1856 766 apertu-

389 790 461 819 rae
495 777 563 817 ani
596 778 894 826 adiacentibus,
939 777 1007 829 qui
1044 776 1303 820 abintestini
1338 778 1438 819 recti
1475 777 1708 832 parietibus
1734 776 1859 816 effor-

388 850 572 883 mantur.
662 841 736 882 Ast
791 853 898 882 anno
956 849 1076 889 1770
1143 839 1197 881 D.
1250 840 1437 881 Sokolow
1459 869 1470 887 ,
1527 841 1648 881 huius
1693 840 1860 880 Acade-

387 905 497 945 miae
535 904 770 945 Adiunstus
793 934 804 954 ,
840 904 998 945 ibidem
1036 917 1064 942 a*
1093 905 1364 956 piscatoribus
1401 906 1594 956 accepit,
1633 905 1742 955 quod
1777 895 1860 943 cal'·

389 967 473 1009 culi
510 967 575 1008 illi
612 968 1027 1022 deprehenderentur
1064 967 1224 1019 semper
1260 970 1300 1008 in
1354 969 1598 1020 corporibus
1637 969 1858 1007 Husonum

387 1032 510 1073 iuxta
547 1032 704 1084 spinam
741 1031 848 1072 dorfi
870 1060 880 1079 ‚
915 1032 957 1070 in
993 1042 1112 1070 carne
1146 1029 1382 1082 glandulosa
1404 1061 1414 1078 ‚
1450 1044 1567 1070 rencs
1606 1033 1757 1070 lirum
1796 1031 1859 1083 pi-

390 1096 516 1136 scium
552 1096 839 1143 constituente,
878 1097 988 1136 intra
1025 1092 1276 1146 peculiarem
1314 1093 1535 1134 cuticulam
1558 1122 1570 1143 ‚
1606 1107 1710 1146 quae
1747 1093 1860 1147 glan-

392 1159 579 1200 dulosam
616 1159 733 1200 illam
771 1170 949 1201 carnem>
975 1157 1153 1197 inuessit.
1192 1153 1273 1211 (*)

586 1295 654 1336 Ex
687 1296 760 1336 ista
794 1296 1050 1339 relationum
1087 1293 1324 1349 diuersitate
1357 1296 1407 1337 de
1442 1296 1538 1336 l'oco
1576 1293 1701 1336 natali
1724 1293 1861 1335 calcu-

393 1362 534 1403 lorum
567 1358 783 1413 hucusque
818 1361 923 1402 nihil
959 1363 1061 1401 certi
1098 1361 1217 1401 statui
1252 1361 1407 1413 potest,
1460 1370 1641 1399 attamen
1695 1356 1858 1399 conclu-

396 1427 494 1466 dere
530 1424 652 1475 licet,
693 1424 805 1476 quod
842 1424 902 1465 illi
939 1434 1023 1464 non
1061 1425 1293 1466 constanter
1329 1426 1375 1465 in*
1407 1436 1492 1479 vno
1525 1422 1759 1475 eodemque
1797 1423 1862 1461 in·

397 1490 618 1531 ueniantur
653 1488 838 1536 viscere,
888 1489 952 1529 sed
991 1490 1098 1543 qnod
1134 1489 1358 1542 piscatores
1394 1489 1433 1528 in
1472 1487 1596 1526 variis
1634 1498 1705 1525 eos
1743 1497 1853 1537 repe·

396 1553 506 1593 riam
542 1550 752 1606 partibus,
786 1560 824 1590 et
862 1552 1019 1593 idcirco
1057 1552 1135 1592 hac
1172 1554 1214 1592 in
1249 1565 1293 1591 re
1329 1552 1407 1592 fibi*
1435 1552 1615 1591 inuicem
1652 1547 1862 1589 contradi-

399 1626 506 1656 cant.
577 1613 702 1654 Vnde
740 1615 876 1667 itaque
914 1615 1039 1656 suerit
1073 1616 1317 1667 depromtus
1353 1626 1469 1655 meus
1506 1613 1708 1663 calculus,
1743 1612 1859 1650 deci-

399 1682 497 1721 dere
534 1691 618 1719 non
655 1679 840 1731 possum,
877 1691 951 1718 nec
986 1679 1116 1718 audeo
1153 1680 1400 1726 asseuerare,
1452 1689 1546 1718 eum
1586 1677 1632 1717 ad
1667 1674 1862 1728 genitalia

398 1744 596 1785 sturionis
631 1740 822 1794 (maris)
860 1753 1072 1796 repertum
1111 1742 1249 1792 fuisse,
1287 1742 1344 1781 vti
1382 1740 1554 1795 pristino
1587 1740 1672 1779 eius
1708 1739 1862 1791 poffes·

399 1808 482 1849 sori
519 1822 539 1847 a
576 1805 838 1860 piscatoribus
875 1808 956 1846 fuit
993 1806 1206 1846 traditum.
1276 1803 1447 1844 Accedo
1482 1805 1608 1856 igitur
1645 1804 1692 1844 ad
1728 1803 1860 1855 ipsum

400 1871 549 1911 calculi
586 1881 796 1920 examen,
856 1871 967 1925 quod
1000 1881 1020 1911 a
1056 1869 1332 1923 descriptione
1383 1867 1545 1908 habitus
1580 1866 1737 1908 externi
1774 1867 1861 1906 sum

399 1934 686 1977 inchoaturus,
1751 1987 1782 2027 P

1783 1998 1859 2028 on-

779 2098 1855 2120 M

472 2181 536 2231 (*)
587 2185 660 2220 Cel.
702 2184 804 2220 Pallas
846 2187 881 2223 in
905 2182 964 2222 suo
992 2188 1104 2221 itinere
1129 2196 1187 2232 per
1213 2181 1358 2221 Rumam
1382 2187 1468 2228 parte
1493 2178 1518 2214 Ι,
1543 2186 1574 2220 p·
1599 2173 1678 2218 436·
1704 2180 1792 2219 Pane
1818 2172 1860 2205 u·

599 2260 629 2293 P·
656 2258 722 2290 342-
