1972 2688
560 137 673 189 ωὲεῑὲ
737 135 931 195 )199(
994 137 1108 190 &2030-

103 265 275 310 quarum
310 263 435 293 vnam
484 263 580 292 cum
633 251 739 292 calce
786 251 883 290 viua
917 251 961 291 in
994 253 1088 291 ae‘re
1138 249 1321 292 extind’ca
1354 244 1542 298 ‘mixtam

101 328 280 360 retortae
332 318 486 357 vitreae
536 314 690 365 indidi,
742 324 864 367 atque
898 315 994 354 oleo
1039 313 1239 355 oliuarum
1291 316 1540 367 superfusam

102 368 363 424 destillationi
398 379 567 419 subieci:
615 378 778 417 stillauit
812 379 992 429 primum
1029 378 1243 429 phlegma3
1286 381 1325 419 id
1360 383 1545 423 secutum

102 446 158 486 est
193 445 331 484 oleum
368 442 713 495 philosophorum
749 440 931 487 dietum,
984 441 1052 480 (ub
1074 440 1211 480 ‘finem
1249 442 1399 484 ascedit
1432 455 1544 486 terra

99 508 260 563 pinguis
311 506 450 546 Laetei
500 504 679 552 coloris,
725 515 830 556 quae
864 503 955 543 oleo
999 503 1209 544 alliaceum
1262 505 1464 549 affricauit
1499 521 1545 546 o-

99 571 258 613 dorem.
324 569 455 608 Terra
504 566 661 620 plumbi
713 578 809 606 cum
859 566 968 606 calce
1004 567 1045 606 in
1081 567 1210 605 fundo
1247 579 1428 611 retortae
1479 583 1546 611 re-

100 645 266 675 manens
300 634 418 673 omni
454 631 589 670 forma
622 630 771 670 limum
810 629 1047 670 induratum
1085 630 1295 669 referebat.

529 738 1002 817 Experimentum
1047 753 1092 817 3.

280 824 510 867 Secundam
561 827 792 877 portionem
830 824 924 865 oleo
958 824 1103 864 vitroli
1142 822 1406 874 examinam',
1459 838 1545 878 quo

95 889 285 931 instillato
341 902 444 930 mox
480 889 685 929 violaceus
718 888 785 926 ille
823 898 944 938 atque
998 886 1150 927 nitIdus
1204 887 1437 927 metallicus
1474 902 1545 927 co-

94 953 199 993 lores
234 955 492 1005 disparuere,
527 962 565 991 et
602 950 881 990 faetidiffimus
918 951 1107 1002 putridus
1142 950 1276 999 quast,
1319 950 1542 1002 sulphureo

93 1018 250 1055 mixtus
302 1016 395 1055 inde
444 1015 546 1055 odor
592 1014 782 1053 surrexit.
849 1012 1003 1051 Feruor
1035 1012 1208 1064 exiguus
1243 1012 1319 1051 fuir
1353 1024 1393 1053 et
1428 1016 1542 1054 breui

92 1078 254 1119 cessauit
291 1090 440 1118 motus.
504 1076 638 1115 Terra
673 1075 848 1127 perfecih:
884 1074 986 1114 solui
1022 1087 1106 1113 non
1141 1075 1294 1126 potuit,
1340 1078 1403 1115 sed
1450 1077 1542 1130 spo-

90 1140 187 1179 liata
223 1140 428 1179 coloribus
464 1139 638 1178 infundo
672 1136 856 1178 Vrinalis
892 1136 1036 1178 manfit
1070 1137 1279 1179 simillima
1328 1136 1455 1180 Limo
1489 1140 1541 1182 li-

89 1201 458 1255 vido-nigricantis
494 1201 663 1242 coloris.

534 1300 1007 1379 Experimentum
1052 1318 1116 1381 4.

274 1388 452 1428 Acidum
486 1388 572 1427 salis
608 1390 868 1438 communis,
921 1389 1031 1440 quod
1068 1388 1116 1427 ad
1151 1383 1385 1427 soluendam
1423 1388 1538 1427 terti-

89 1463 153 1489 am
188 1453 431 1503 portionem
466 1451 659 1501 adhibui,
692 1452 815 1503 longe
849 1452 1059 1503 potentius
1091 1452 1174 1503 agit
1211 1450 1251 1488 in
1285 1450 1390 1490 hanc
1427 1464 1535 1491 mas-

85 1512 181 1556 sam.
246 1514 419 1555 Excltat
453 1514 496 1552 in
533 1528 580 1554 ea
613 1514 853 1567 fingularem
890 1524 1056 1554 motum
1092 1513 1427 1561 circulatoriam,
1464 1515 1556 1554 sub-

84 1589 167 1627 quo
201 1590 294 1629 pars
332 1589 410 1617 vna
446 1587 578 1617 terrae
617 1578 760 1620 colore
795 1577 886 1616 albo
922 1577 1095 1618 fundum
1133 1576 1232 1616 vafis
1268 1578 1401 1630 petit3
1435 1578 1538 1618 alte-

82 1652 127 1679 ra
161 1639 353 1682 flauicans
405 1640 623 1693 1ulphurea
656 1641 764 1691 quast
801 1641 953 1680 sursum
999 1640 1207 1687 ascendit,
1261 1650 1300 1679 et
1337 1641 1529 1680 decidens

81 1702 220 1754 postea
254 1703 474 1744 secundum
529 1706 697 1744 stratum
747 1706 915 1744 format.
982 1704 1199 1755 Postquam
1256 1714 1361 1743 terra
1413 1704 1531 1744 acido

83 1764 187 1805 bene
223 1768 395 1807 saturata
429 1768 508 1814 est,
552 1779 590 1807 et
625 1769 760 1807 omnis
798 1777 933 1807 motus
970 1767 1157 1812 cessauit,
1207 1766 1528 1807 destillationem

84 1838 137 1865 ex
174 1827 347 1868 Retorta
380 1840 553 1880 propter
590 1830 897 1870 abstrahendum
936 1831 1122 1882 spiritum
1157 1828 1325 1867 institui.
1377 1828 1526 1881 Ignem

81 1902 157 1941 per
190 1889 417 1941 gradus'ad
458 1891 785 1932 sublimator-ium
823 1905 952 1944 Vsque
997 1892 1120 1942 auxi,
1173 1900 1212 1930 at
1245 1891 1525 1943 pauciffimum

80 1961 242 1994 tantum
295 1952 481 2005 spiritum
533 1954 706 1994 obtinui.
788 1953 1004 1995 Bulliendo
1047 1954 1117 1994 diu
1157 1963 1292 1994 totum
1329 1955 1410 1995 fere
1444 1960 1527 1997 aci-

79 2015 178 2056 dum
214 2015 388 2056 fixarum
424 2017 476 2056 est
511 2017 551 2056 in
588 2028 695 2058 terra
729 2018 949 2058 metallica.
1018 2014 1103 2058 Sub
1137 2014 1264 2056 finem
1315 2021 1524 2070 operatio-

80 2079 142 2117 nis
179 2080 225 2119 ad
263 2077 438 2120 Collum
476 2079 668 2122 Retortae
704 2080 917 2121 sublimata
952 2080 1007 2120 est
1041 2092 1167 2132 pauca
1201 2081 1404 2133 quaedam
1441 2091 1525 2122 ter-

79 2154 147 2201 ra,
185 2141 293 2183 flauo
327 2143 536 2196 rubroque
583 2144 721 2186 colore
759 2145 895 2196 varia,
946 2142 1208 2186 Cinnabarim
1263 2142 1521 2187 sublimatam

1435 2224 1524 2263 per-
