1972 2688
525 188 640 240 »ἐξ
703 182 896 242 >22ss
959 182 1074 235 ἔξω

316 307 796 363 SCRVTAMEN
850 299 1275 355 CHEMICVM

607 400 999 454 CALCVLI

97 513 894 629 AC‘IPENSERIS
978 505 1505 582 Hvsole

499 633 643 683 SEV
707 629 1096 678 BELVGAE.

679 890 928 934 Auctore

586 988 619 1032 1.
653 986 704 1028 G.
740 983 1013 1029 GEORGI.

750 1413 785 1464 §-
824 1407 865 1455 12

193 1516 292 1547 uum
328 1513 426 1549 ante
462 1501 639 1558 'aliquod
690 1515 855 1561 tempus
890 1501 1109 1548 Calculum
1144 1503 1405 1561 Acipenseris
1440 1505 1527 1550 Hu-'

217 1572 343 1619 sonis,
379 1571 449 1623 qui
485 1571 610 1613 Ruffi»
629 1571 819 1625 Bielugae
853 1572 1026 1612 nomine
1064 1572 1204 1620 venit,
1237 1569 1366 1612 aCel.
1388 1568 1529 1612 Colle-

25 1655 36 1663 *
82 1647 136 1689 ga
169 1635 308 1675 nostro
342 1634 398 1676 D.
431 1634 564 1675 Pallas
598 1636 709 1676 dono
757 1637 1020 1689 accepissem,
1071 1645 1120 1676 vt
1154 1638 1196 1676 in
1232 1646 1421 1677 naturam
1457 1634 1533 1674 hu-

84 1700 146 1739 ius
181 1698 326 1738 calculi
363 1699 548 1739 chemice
594 1698 876 1750 inquirerem,
930 1698 1074 1739 lubens
1126 1700 1281 1751 arripui
1318 1698 1424 1737 hanc
1459 1707 1531 1735 oc·

83 1762 289 1801 cafionem
347 1762 582 1803 conferendi
639 1762 792 1812 aliquid
838 1762 889 1801 ad
932 1762 1184 1814 penitiorem
1237 1761 1527 1811 cognitionem

86 1824 313 1864 chemicam
362 1836 587 1875 corporum
625 1836 678 1864 ex
712 1824 879 1863 animali
930 1837 1062 1875 regno
1096 1822 1376 1863 desumtorum
1411 1832 1452 1862 ct
1486 1834 1530 1862 ea

87 1885 243 1926 institui
278 1886 593 1936 experimenta,
645 1898 748 1937 quae
800 1899 906 1927 nunc
941 1886 1184 1927 Academiae
1221 1888 1530 1926 communicare

89 1950 248 1989 animus
283 1948 352 1987 est.
419 1946 541 1987 Nihil
577 1956 713 1986 autem
739 1948 789 1987 de
818 1949 892 1989 fitu
927 1949 1073 1988 calculi
1108 1950 1150 1987 in
1184 1960 1360 2002 corpore
1395 1948 1529 2000 piscis,

87 2013 158 2053 sub
207 2010 491 2051 vertebrarum
538 2010 648 2063 spina
682 2012 724 2050 in
760 2010 871 2062 ipso,
922 2020 969 2051 vt
1005 2012 1192 2060 videtur,
1242 2012 1351 2052 renis
1387 2021 1532 2064 paren-

93 2074 285 2126 chyrnate
335 2073 526 2122 latentis,
576 2072 681 2113 nihil
713 2073 761 2112 de
797 2072 928 2125 figura
979 2076 1135 2115 incerta
1169 2077 1286 2122 sam,
1340 2074 1390 2112 de
1433 2085 1532 2115 con-

91 2136 306 2177 strutstione
356 2136 565 2176 lamellosa
599 2147 640 2177 et
675 2135 792 2176 fimul
843 2137 1090 2179 radiantibus
1140 2138 1248 2187 quafi
1294 2135 1406 2177 fibris
1443 2147 1536 2186 cry-

96 2199 276 2239 stalhfata
324 2200 539 2252 praefabor
556 2228 565 2245 ‚
617 2210 759 2252 vtpote
811 2213 914 2252 quac
948 2201 990 2242 in
1022 2200 1228 2241 Itinerario
1278 2199 1357 2241 Cel.
1401 2199 1536 2239 Pallas

98 2263 195 2302 Aila
213 2263 337 2303 Acad.
358 2262 452 2317 Imp.
470 2262 539 2304 Sc.
558 2262 664 2304 Tom.
684 2261 747 2303 VI.
766 2264 808 2303 P.
826 2262 859 2304 Ι.
1095 2262 1126 2303 F
1144 2264 1169 2302 f
1412 2261 1532 2316 (Vol.
