1972 2688
555 137 666 189 -eezss
732 134 923 194 )1251(
987 129 1099 191 &390⁴-

88 246 158 290 aa
182 256 248 288 :ex
276 244 436 303 liquore
466 256 508 289 et
537 249 739 290 mercurio
766 248 922 306 oblata,
950 250 1139 292 omnium
1169 248 1386 294 auidiffime
1419 255 1468 294 ab
1498 271 1548 298 eo

85 311 301 366 -recipitur,
352 322 473 367 atque
524 314 712 355 omnibus
744 315 850 355 notis
885 313 1109 371 per-fectum
1141 318 1423 371 optimumque
1456 330 1551 360 cum

94 389 145 416 eo
178 372 327 415 format
374 375 608 431 amalgama.
688 375 847 432 Liquor
899 376 1044 418 salinus
1096 378 1183 434 post
1233 378 1397 420 totalem
1437 381 1554 435 cupri

93 437 465 493 praecipitationem
514 451 695 480 remanet
746 439 953 496 lImpidus,
1003 453 1127 495 quem
1175 440 1330 482 additus
1367 443 1552 483 mercurii

92 499 287 542 sublimati
332 501 521 542 corrofiui
570 501 703 558 puluis
738 503 779 543 in
813 502 985 544 lacteum
1034 516 1183 557 mutat,
1234 515 1272 545 et
1315 506 1552 561 praecipitat

90 562 294 619 copiosam
325 564 458 605 albam
492 563 663 618 calcem,
713 567 777 606 cui
810 565 923 607 simul
958 566 1106 621 aliquid
1138 566 1294 621 semper
1327 568 1429 622 nigri
1461 567 1551 624 pul-

92 627 220 681 veris,
268 640 293 667 a
324 638 557 669 remanente
613 628 694 670 fine
744 628 865 672 dubio
916 630 1029 685 cupri
1077 629 1285 684 portione,
1332 630 1389 671 est
1427 632 1550 676 inter-

88 701 276 731 letum.

276 797 358 840 Per
407 796 582 842 Ferrum
627 813 683 839 ex
715 796 833 855 supra
883 797 986 841 dieta
1034 799 1305 842 salino-acida
1354 798 1548 842 solutione

95 862 229 919 cupri,
277 864 548 920 praecipitatio
589 875 716 917 aeque
751 861 836 904 fere
877 864 980 905 bene
1021 862 1214 919 succedit,
1265 879 1312 905 ac
1346 878 1419 921 per
1451 863 1555 905 Zin-·

93 940 200 967 cum.
267 924 577 967 Efferuescentia
603 936 737 966 autem
762 925 826 967 hic
858 925 985 979 nulla,
1018 925 1083 967 sed
1108 926 1218 968 ‘odor
1237 927 1401 984 quidam
1436 925 1550 968 faeti-

94 987 188 1042 dus,
223 987 426 1043 singularis
460 987 651 1030 exhalare
685 986 927 1029 obseruatur.
995 989 1307 1047 Praecipitatum
1351 1004 1549 1046 cupreum

93 1050 230 1092 colore
261 1050 382 1093 dilute
431 1052 553 1092 rubro
596 1048 762 1104 gaudet,
811 1051 930 1092 instar
980 1051 1062 1093 sere
1108 1052 1372 1095 haematitidis
1419 1053 1547 1095 cultro

92 1114 186 1168 rafi3
221 1129 245 1154 a
278 1112 441 1154 metallo
474 1113 756 1168 praecipitante
787 1113 900 1155 facile
935 1112 1153 1172 separatur,
1197 1128 1236 1158 et
1268 1118 1308 1158 in
1344 1118 1544 1158 mercurio

90 1171 179 1217 satis
214 1177 317 1216 bene
350 1174 530 1224 soluitur;
562 1173 626 1216 sed
657 1175 785 1217 multo
818 1177 868 1218 ad
901 1178 1050 1221 taaum
1084 1178 1221 1222 durius
1253 1193 1373 1236 atque
1413 1179 1546 1236 rigidi-

91 1254 140 1281 us
176 1238 230 1279 est
263 1239 396 1295 priori.

278 1345 320 1388 A
354 1345 492 1386 stanno
527 1343 698 1402 denique
743 1349 1047 1405 praecipitatum
1081 1350 1195 1405 cupri
1227 1348 1271 1390 fn:
1305 1347 1548 1405 praeceden-

95 1410 201 1451 tibus
234 1408 357 1465 paulo
388 1407 581 1463 deterius,
633 1410 741 1464 quod
777 1412 812 1451 ei
847 1414 1025 1453 tenacius
1060 1411 1145 1453 aliis
1180 1411 1386 1466 adhaeret,
1435 1410 1545 1452 colo-
1596 1448 1599 1450 ,

93 1486 137 1512 re
171 1473 302 1528 primo
337 1473 524 1526 rubrum,
574 1471 715 1514 deinde
762 1475 992 1516 brunneum
1026 1475 1087 1529 fit,
1137 1488 1176 1516 et
1216 1490 1310 1516 cum
1345 1474 1546 1516 mercurio

90 1548 168 1591 pro
204 1546 316 1592 parte
347 1546 502 1576 tantum
535 1535 844 1592 amalgamatur,
881 1539 1010 1595 liquor
1041 1541 1128 1580 eius
1163 1553 1187 1578 a
1219 1538 1545 1595 praecipitatione

91 1597 269 1639 refiduus
304 1613 398 1639 cum
430 1601 630 1641 mercurio
664 1601 868 1644 eorrofiuo
903 1601 1089 1658 lactescit,
1116 1613 1158 1645 vt
1194 1602 1243 1643 de
1273 1601 1428 1657 liquore
1446 1601 1544 1642 Zin-

92 1661 127 1701 ci
162 1662 217 1703 est
250 1661 409 1704 dietum.

276 1767 393 1808 Haec
426 1769 705 1823 experimenta
739 1768 960 1810 luculenter
1005 1770 1297 1822 demonstrant,
1350 1767 1544 1824 praecipi-

94 1838 222 1867 tatum
255 1831 368 1883 cupri
401 1831 450 1869 ab
485 1829 599 1869 acido
632 1829 717 1871 salis
750 1846 844 1871 cum
876 1831 1063 1884 metallis,
1099 1832 1226 1872 multo
1263 1832 1421 1887 purius,
1456 1829 1545 1870 sub-

96 1889 200 1930 tilius
237 1901 275 1930 et
309 1889 358 1930 ad
391 1891 767 1945 amalgamationem
803 1892 918 1934 liuius
954 1893 1101 1934 metalli
1143 1894 1362 1951 parandam
1413 1894 1544 1934 omni-

90 1952 165 1994 bus
198 1951 281 1994 aliis
317 1954 448 2009 aptius
482 1953 602 1995 reddi.

278 2063 346 2106 De
380 2066 686 2123 proprietatibus
739 2063 1012 2120 amalgamatis
1061 2070 1175 2126 cupri
1207 2069 1282 2109 hoc
1316 2064 1439 2106 modo
1473 2080 1544 2122 pa-

98 2125 187 2180 rati,
219 2124 418 2182 sequentia
454 2131 583 2170 notari
618 2142 832 2170 merentur.

800 2203 815 2243 l
833 2203 843 2242 i
883 2218 904 2243 2
1380 2204 1420 2246 A
1456 2202 1543 2244 Fri-
