1972 2688
555 159 666 209 »⁰553
730 153 924 214 )335(
987 157 1101 208 &egv-

108 273 275 315 dantur‚
311 269 459 310 scilicet
496 280 654 323 tempus
688 282 772 321 quo
808 268 1064 310 interuallum
1101 266 1187 313 FG
1223 268 1443 313 absoluitur
1476 287 1546 316 :t

108 346 148 375 et
183 344 344 385 tempus
379 335 425 374 ab
458 333 488 372 F
523 334 570 374 ad
605 332 774 386 Hzt¹‚
811 331 1071 375 habebuntur
1104 333 1198 375 istae
1247 332 1363 376 binae
1399 347 1544 388 aequa-

106 399 254 439 tiones:
306 430 308 432 .
365 408 367 410 ·

287 457 586 512 &¹—O--t3
623 455 947 507 ΘΗ-ΘΞΝ,

103 550 203 590 quae
239 539 265 578 fi
302 553 396 594 cum
433 543 605 581 veritate
640 542 919 590 conueniant,
969 537 1008 577 id
1045 537 1201 578 indicio
1235 538 1314 579 erit
1351 547 1433 579 tam
1470 554 1546 594 po-

105 602 292 642 sitionem
329 604 414 641 axis
451 603 606 643 orbitae
658 615 782 654 quam
836 601 1062 643 distantiam
1112 600 1304 651 perihelii
1353 603 1429 642 rite
1465 605 1541 645 effe

101 664 348 714 asignatam.
416 664 485 705 Sin
525 676 661 704 autem
699 665 774 704 hae
807 663 1170 704 determinationes
1221 674 1314 701 cum
1368 667 1540 707 veritate

103 738 184 765 non
237 730 506 777 conueniant,
557 722 718 781 insuper
768 726 884 766 binae
929 723 1174 775 hypotheses
1228 723 1434 776 fingantur
1471 735 1576 767 ne-'

101 789 201 828 ceffe
237 791 312 838 est,
349 803 517 842 quarum
552 792 674 831 altera
713 789 799 826 axis
835 786 1007 838 pofitio,
1059 785 1187 824 altera
1220 798 1322 826 vero
1358 789 1545 831 distantia

55 843 59 845 ⁵
98 852 285 900 perihelii
324 866 343 891 a
381 854 462 893 sole
494 863 710 905 parumper
744 851 1000 890 immutatur.
1065 846 1180 887 Tum
1218 849 1355 897 enim,
1402 851 1428 890 fi
1464 865 1543 906 pro

100 913 227 967 tribus
265 915 557 967 hypothesibus
606 925 767 953 errores
811 913 851 950 in
898 909 1152 963 temporibus
1202 914 1356 964 reperti
1407 916 1540 967 probe

97 978 417 1028 perpendantur,
472 977 587 1016 facile
637 974 847 1014 definietur
897 982 1100 1024 quantum
1148 984 1230 1013 tam
1266 977 1416 1027 positio
1451 980 1540 1018 axis

93 1051 214 1090 quam
252 1040 442 1091 perihelii
479 1038 663 1079 distantia
712 1035 926 1076 immutari
973 1034 1165 1083 debeant,
1216 1047 1261 1076 vt
1299 1051 1394 1078 cum
1431 1043 1541 1082 veri-

96 1111 179 1140 tate
219 1103 377 1152 penitus
413 1101 677 1140 conueniant.
755 1098 869 1139 Tota
917 1098 1044 1150 igitur
1093 1098 1355 1151 inuestigatio
1388 1114 1438 1141 eo
1472 1116 1539 1144 re·

94 1163 274 1209 ducitur,
328 1171 373 1201 vt
406 1174 458 1202 ex
494 1161 692 1215 aliquibus
725 1161 1079 1204 obseruationibus
1123 1162 1264 1202 saltem
1300 1175 1406 1205 vero
1438 1179 1537 1218 pro-

92 1224 208 1263 xime
265 1234 350 1266 tam
401 1226 549 1278 pontio
597 1228 686 1267 axis
738 1237 861 1278 quam
911 1224 1096 1266 distantia
1146 1225 1337 1278 perihelii
1382 1239 1536 1282 cogno·

88 1289 252 1328 scantur.

1355 2210 1359 2214 ·
1402 2194 1521 2255 0137·
