1972 2688
844 171 967 222 ⁶32³.ss
1031 175 1175 226 )242
1217 166 1234 226 (
1297 173 1415 223 &⁶53⁴-

851 278 1334 361 Experimentum
1377 296 1443 361 4.

587 387 717 431 Aliud
770 387 922 430 calculi
974 389 1193 432 frustulum
1243 389 1427 431 immersi
1468 388 1509 428 in
1557 388 1720 432 acidum
1776 389 1870 434 falls

402 454 661 501 communis,
712 465 808 493 cum
847 467 930 505 quo
965 455 1123 495 vitrum
1175 466 1365 509 apertum
1417 451 1562 507 prunis
1597 456 1794 506 admoui3
1846 469 1869 498 a

402 517 595 559 calefacto
631 516 750 558 acido
786 517 1037 570 compositio
1072 517 1222 559 calculi
1277 517 1390 559 illico
1440 519 1576 570 caepit
1628 521 1869 572 penetrari,

398 583 457 624 ita
492 591 537 622 vt
574 580 656 621 hoc
689 580 853 622 acidum
892 581 1068 622 validius
1106 593 1234 635 quam
1288 583 1454 622 acidum
1508 584 1603 622 nitri
1658 583 1868 625 calcuium

399 647 566 699 aggredi
618 645 842 685 videretur.
927 645 1002 684 Ast
1053 646 1220 698 perasta
1272 643 1503 692 solutione,
1558 659 1664 699 quae
1717 648 1868 688 iisdem

397 711 520 763 plane
557 708 861 761 phoenomenis
896 720 943 748 ac
980 709 1020 748 in
1057 711 1189 760 priori
1226 710 1522 763 experimento
1562 711 1873 761 comitabatur,

400 773 665 824 refrigeratus
701 771 839 822 liquor
872 771 1026 812 dimifit
1059 783 1113 811 ex
1150 771 1188 812 se
1225 784 1386 825 partem
1421 773 1575 814 solutae
1611 773 1870 823 substantiae,

402 848 506 889 quae
543 838 585 876 in
625 833 847 875 nubeculas
884 834 1054 875 collecta
1092 844 1134 874 et
1170 848 1246 886 per
1270 848 1439 878 omnem
1477 837 1685 889 liquorem
1719 838 1874 890 disper·

401 900 441 940 sa
476 898 691 939 turbidum
745 898 924 938 reddidit
977 898 1266 951 menstruum,
1321 906 1520 953 atquem
1559 901 1632 941 illo
1686 914 1758 955 per
1799 901 1874 941 ali·

402 962 513 1015 quod
551 971 717 1014 tempus
755 960 940 1016 suspensa
976 961 1222 1014 tenebatur-3
1272 973 1390 1004 mora
1429 974 1570 1006 autem
1608 966 1659 1006 ad
1692 965 1872 1006 fundum

400 1027 502 1085 yitri
537 1025 697 1082 delapsa
733 1024 805 1070 est.

827 1220 839 1231 κ
859 1140 1341 1223 Experimentum
1390 1162 1438 1218 ς.

593 1244 658 1288 Vt
709 1236 922 1296 viderem,
977 1259 1078 1289 num
1117 1247 1226 1288 idem
1264 1248 1428 1288 acidum
1469 1246 1583 1294 salis,
1633 1248 1744 1299 qnod
1781 1259 1877 1302 por.-
1908 1278 1919 1282 -

400 1308 563 1351 tionem
598 1310 753 1351 solutae
789 1310 1016 1352 calculosae
1068 1310 1309 1353 substantiae
1361 1314 1504 1366 {ponte
1538 1314 1586 1354 de
1626 1313 1662 1352 se
1694 1312 1874 1361 dimisit,

399 1374 512 1415 aliud
549 1374 693 1414 calculi
731 1374 946 1414 frustulum
974 1375 1194 1417 dissoluere
1231 1375 1382 1426 posset,
1420 1377 1567 1428 reperii
1604 1375 1875 1428 experimen*

403 1447 493 1478 tum
531 1438 684 1478 iniecto
720 1437 915 1479 solutioni
951 1438 1010 1479 illi
1045 1451 1160 1480 nouo
1198 1437 1394 1490 frustuio,
1427 1441 1561 1490 quod,
1615 1438 1688 1478 sub
1723 1441 1873 1480 iisdem

402 1502 744 1549 conditionibus,
796 1501 981 1555 perfet‘te
1032 1504 1111 1543 fuit
1163 1503 1361 1543 solutum.
1427 1502 1685 1556 Refrigerata
1731 1513 1873 1541 autem

400 1563 578 1612 solutio,
631 1564 899 1614 nychtemeri
951 1567 1108 1619 spatio,
1159 1565 1362 1619 infignem
1411 1568 1579 1619 copiam
1632 1563 1871 1605 substantiae

402 1626 547 1675 albae,
580 1627 894 1680 puluerulentae
927 1628 976 1668 ad
1015 1628 1189 1670 fundum
1227 1632 1326 1671 vitri
1361 1630 1571 1682 deposuit,
1625 1637 1666 1667 et
1699 1629 1783 1681 ipsa
1817 1628 1873 1669 al·

401 1684 548 1730 bidum
585 1691 699 1732 nasta
731 1691 786 1731 est
834 1690 1053 1741 colorem,
1104 1703 1232 1744 quem
1289 1695 1494 1733 diuturno
1546 1695 1673 1734 etiam
1726 1694 1872 1744 quiete

403 1766 664 1807 nequaquam
711 1754 858 1794 amifit.
944 1752 1081 1796 Color
1116 1756 1186 1796 iste
1223 1754 1443 1796 manifesto
1479 1756 1556 1797 fuit
1594 1755 1776 1803 indicio,
1828 1757 1872 1798 in

401 1818 522 1857 omni
558 1817 724 1869 liquore
757 1817 947 1859 firnillem
985 1819 1197 1861 contineri
1236 1831 1457 1861 materiem
1479 1849 1490 1866 ‚
1524 1818 1656 1874 qualis
1694 1820 1742 1859 ad
1777 1819 1870 1858 fun-

401 1882 502 1922 dum
540 1882 639 1922 vitri
675 1882 822 1935 sponte
869 1882 1039 1924 secessit.
1108 1881 1189 1922 Pro
1224 1881 1541 1934 praecipitando
1590 1883 1719 1935 igitur
1762 1881 1872 1923 solu-

404 1954 450 1985 to
487 1957 540 1985 ex
578 1943 760 1986 soluente
795 1945 990 1988 instillaui
1043 1947 1141 1988 huic
1200 1946 1395 1988 ioiutioni
1431 1947 1574 1988 oleum
1613 1945 1756 1986 tartari
1793 1957 1867 1998 per

403 2007 656 2059 deliquium3
712 2009 878 2062 insignis
927 2022 1019 2053 orta
1054 2011 1109 2051 est
1144 2008 1483 2059 efferuescentia‚
1537 2022 1639 2065 quae
1675 2019 1869 2059 magnam

404 2072 569 2124 copiam
604 2072 784 2113 viscidae
822 2073 988 2126 spumae
1037 2075 1079 2114 in
1113 2073 1371 2126 superficiem
1409 2074 1587 2126 liquoris
1621 2071 1769 2119 eiecit,
1821 2081 1869 2111 et

403 2135 559 2175 multos
608 2135 761 2178 floccos
811 2137 936 2178 instar
979 2138 1083 2180 niuis
1132 2139 1181 2178 ad
1213 2138 1391 2179 fundum
1429 2138 1525 2176 vitri
1562 2135 1861 2187 praecipitauit.

400 2197 640 2244 Saturatum
674 2201 843 2244 tandem
879 2201 1044 2245 acidum
1087 2203 1245 2245 leuiter
1289 2199 1503 2244 decantaui
1537 2211 1561 2238 a
1593 2198 1863 2301 ρωεειρὶῗιῗι

1793 2273 1814 2301 u
1851 2280 1868 2290 .
