1972 2688
564 158 676 210 »sziss
738 153 939 213 Νη(
1001 157 1118 208 33³3-

118 267 291 320 fe&am‚
340 277 388 311 vt
436 268 582 324 quibus
631 267 730 310 haec
779 268 1097 323 proprietatibus
1147 279 1242 310 cum
1295 267 1560 324 sulphuribus

120 333 413 376 communibus
448 332 685 375 naturaliter
717 335 759 375 in
793 344 939 385 genere
990 332 1264 382 conueniant,
1319 335 1395 374 vix
1430 333 1566 374 dicere

122 399 341 452 possumus.
406 396 624 450 Praecipue
674 396 786 448 quod
822 396 871 436 ad
904 407 1028 447 genus
1063 393 1252 436 Bacchea·
1297 408 1470 438 aureum
1509 406 1573 436 at-

122 461 249 510 tinet,
296 472 352 501 ex
385 460 501 510 ide-a,
552 470 677 511 quam
712 460 759 498 de
794 457 983 510 sulphure
1021 458 1182 510 vulgari
1231 459 1454 507 habemus,
1507 459 1573 498 in-

123 523 320 565 credibile
371 533 480 564 certe
529 522 694 561 videtur
740 520 838 569 effe,
889 529 936 561 vt
983 524 1024 563 in
1075 520 1271 562 fixiffimo
1306 533 1348 562 et
1387 522 1571 562 maxime

119 586 443 639 impermutabili
481 585 575 636 igne
610 595 786 637 corpore
821 581 981 636 (auro)
1018 583 1146 624 simile
1181 585 1278 635 quid
1316 583 1464 624 salinae
1499 593 1569 625 aut

119 647 408 689 inflammabili
461 648 697 688 substantiae
750 646 992 699 reperiatur.
1055 644 1223 685 Illustris
1273 645 1477 687 Lz‘nnaeus
1522 644 1568 699 *)

118 711 313 765 sulphura
363 711 568 752 metallica
602 725 622 752 a
666 709 838 762 reliquis
885 707 1096 759 distinguit
1147 721 1224 755 eo,
1276 712 1386 762 quod
1443 708 1571 749 salino

122 775 300 815 scateant
335 774 546 816 metallico
564 785 580 825 ;.
626 785 768 814 vtrum
804 782 905 810 vero
940 771 1113 823 proprio
1151 772 1260 813 sensu
1295 786 1370 826 pro
1408 771 1572 823 sulphu-

121 838 232 878 ribus
266 837 404 878 haberi
442 845 699 883 mereantur,
753 845 836 872 non
869 833 1074 886 disquirit.
1140 832 1207 875 De
1243 834 1445 877 Arsenico
1484 838 1569 877 iane
1636 872 1642 877 Ι

122 902 313 941 dubitare
345 912 427 940 non
462 901 699 952 possumus,
729 899 829 949 quin
866 896 946 936 hoc
981 908 1127 936 verum
1164 897 1224 938 fit.
1278 899 1390 939 Nam
1426 910 1571 951 quam-

122 967 185 1003 vis
222 964 363 1002 album·
395 975 543 1016 purum
572 960 820 1003 Arsenicum
856 971 1011 1010 prunae
1047 961 1268 1010 iniectum,
1302 960 1458 1002 nullam
1493 962 1564 1003 dat

120 1026 162 1066 in
201 1027 371 1066 modum
408 1026 718 1078 sulphureorum
755 1033 980 1076 corporum
1030 1018 1271 1074 flammam3
1322 1025 1393 1065 vbi
1429 1036 1569 1065 tamen

122 1102 218 1129 cum
269 1088 477 1140 phlogisto
525 1086 826 1127 abundantibus
871 1085 1132 1137 corporibus,
1184 1087 1371 1139 exempli
1417 1090 1571 1140 gratia,

120 1151 231 1193 ferro
268 1152 314 1189 in
346 1149 461 1189 fluxu
511 1159 633 1189 certo
678 1149 805 1188 modo
840 1147 1054 1195 miscetur,
1108 1158 1153 1189 vt
1204 1151 1401 1191 saturetur
1449 1153 1569 1202 ignea

124 1214 295 1253 materia
329 1209 431 1264 Η),
488 1221 585 1252 tunc
632 1223 776 1251 veram:
810 1223 856 1250 ac
892 1212 1150 1260 efficientem,
1190 1214 1394 1264 exiguam
1447 1214 1566 1264 licet,

125 1277 245 1316 edere
279 1274 382 1314 solet
417 1274 659 1320 flammam„
688 1274 732 1314 id
762 1274 870 1325 quod
907 1274 1060 1324 pariter
1094 1277 1135 1315 in
1173 1276 1343 1315 mineris
1379 1278 1463 1316 eius
1500 1290 1570 1317 na-

126 1337 349 1387 turalibus‚
378 1337 584 1376 metallica
614 1336 747 1375 forma
789 1335 1061 1387 gaudentibus
1097 1324 1381 1385 obseruatur,'
1414 1349 1454 1378 et
1489 1340 1570 1379 cla-

123 1401 297 1441 rissimus
334 1399 456 1451 supra.
485 1400 634 1439 citatus
650 1398 811 1440 Monnet
841 1395 942 1452 ***)
980 1399 1090 1439 idem
1126 1402 1175 1440 de
1213 1401 1384 1441 naturali
1421 1412 1460 1441 et
1494 1415 1568 1454 pu-

116 1475 167 1504 ro
220 1461 385 1513 Regulo
432 1462 668 1513 arsenicali,
720 1462 854 1514 qualis
904 1461 1006 1503 olim
1065 1472 1179 1512 1755
1217 1474 1257 1504 et
1299 1467 1416 1513 1760
1449 1465 1566 1504 anuis

120 1538 174 1567 ex
228 1524 532 1565 metallifodinis
567 1524 654 1566 Ste.
688 1524 818 1566 Marie
853 1537 936 1565 aux
970 1525 1110 1567 Mines
1146 1540 1294 1580 magna
1337 1529 1564 1579 quantitate

116 1593 194 1630 fuit
238 1598 405 1635 erutus,
440 1586 630 1631 affirmat.
683 1587 838 1630 Fumus
874 1587 986 1627 albus
1023 1589 1193 1640 densus,
1232 1591 1359 1630 odore
1397 1591 1567 1630 alliaceo

118 1655 239 1694 instar
290 1649 517 1702 phosphori
570 1654 744 1702 factem,
797 1653 867 1704 qui
904 1652 958 1690 est
993 1650 1156 1705 semper
1192 1655 1386 1707 proprius
1421 1664 1459 1694 ct
1498 1665 1569 1705 ge-

122 1717 270 1756 nuinus
303 1714 514 1762 arsenico,
551 1727 679 1767 quum
716 1715 810 1767 igne
845 1715 1064 1756 resoluitur
1088 1718 1129 1754 in
1159 1729 1356 1769 vapores,
1392 1716 1567 1756 demon-

120 1779 212 1820 strat
247 1778 465 1817 Materiam
520 1777 599 1817 fiue
651 1788 801 1818 terram
853 1777 1138 1830 phlogisticam
1178 1777 1436 1818 clienti-aliter
1480 1791 1573 1818 ma-

1491 1853 1568 1893 gua

164 1981 203 2025 ¹⁸¹)
233 1979 417 2024 Syssematis
442 1982 587 2013 Naturae
609 1981 797 2018 Tom..111,
826 1978 906 2014 class'.
937 1981 985 2015 Π.
1013 1983 1224 2015 minerarum.

165 2052 224 2098 **)
251 2051 323 2086 Vid.
350 2053 411 2093 Joh
450 2052 620 2088 Gotschalk
648 2051 782 2087 Vallerii
818 2052 998 2102 p'ltsszsfisslzer
1024 2054 1147 2091 Chemie
1171 2057 1303 2091 zwelter
1335 2055 1440 2101 Tlaeil,
1466 2056 1564 2094 dritte

304 2100 375 2136 und
392 2102 495 2137 vierte
520 2102 761 2148 Affandloemg,
789 2116 856 2150 cap.
884 2115 921 2148 ¹5·
945 2103 979 2148 ᾗ.
1007 2116 1051 2146 23·
1080 2109 1145 2139 mo.
1173 2108 1202 2139 6.

152 2174 247 2219 ’***)
286 2172 490 2210 Diffi-tahon
531 2174 582 2211 sur
618 2174 781 2220 l'arsenic‚
824 2179 920 2224 quia
944 2176 1107 2226 remporte
1144 2178 1173 2212 le
1215 2179 1371 2225 prixretc.
1410 2174 1565 2216 {Belin

305 2234 404 2267 ¹774-
