1972 2688
811 135 928 189 »2³:ss
990 116 1199 188 >2:40(
1263 133 1376 186 ⁴»ee«-

360 244 580 291 ciliarunu
636 246 683 290 In
722 245 834 289 collo
886 254 1070 289 retortae
1116 246 1238 290 simul
1286 252 1473 305 apparuit
1509 250 1597 296 olei
1629 257 1833 307 empyreu-

359 313 498 355 matici
547 314 767 366 vestigium
821 313 1033 363 adustum,
1084 313 1200 366 quod
1252 326 1431 368 granum
1466 328 1597 359 vnum
1634 317 1702 358 vel
1737 318 1836 375 alte-

358 381 454 411 rum
491 377 662 422 aequate
701 375 932 407 Vlsscbduu·
1002 379 1052 404 1¹¹
1086 389 1283 415 oum-omn
1321 381 1488 414 tandem
1527 383 1636 418 collo
1676 380 1837 430 puluis-

360 434 470 476 culus
504 429 740 471 adhaeserat
775 428 958 480 albidus,
1005 429 1191 484 sapidus,
1226 431 1292 473 sed
1328 443 1562 488 quantitate
1598 443 1723 483 nimis
1759 452 1837 482 ex-

359 499 475 551 igua,
512 507 638 548 quam
675 503 723 535 vt
757 494 899 548 colligi
935 492 1137 550 potuerit.
1203 492 1423 543 R'efiduum
1472 504 1687 558 puluerem
1723 505 1835 547 refe.

360 562 478 604 rebat
511 559 651 600 leuem
684 558 846 609 album,
883 562 1062 601 minime
1097 560 1326 606 causticum
1361 577 1404 608 et
1434 569 1521 622 quir
1543 569 1705 611 nullum
1745 571 1833 611 sco-

357 625 604 667 rificationis
635 623 842 667 indicium
877 625 1104 681 prodebat,
1140 626 1326 682 pondere
1361 632 1720 688 sesquidrachmae
1756 646 1833 676 ex-

359 690 489 733 ac'tae.

789 809 1272 894 Experimentum
1319 841 1337 877 1
1352 842 1390 878 1.

552 899 779 944 Refiduum
817 902 919 945 illud
954 905 1088 958 ipsum
1125 918 1221 947 cum
1257 908 1383 948 acidis
1416 921 1561 960 parum
1598 909 1835 954 efferuesce-

359 962 448 1009 bat.
498 961 695 1009 Granum
729 977 862 1008 vnum
898 980 918 1009 a
952 967 1042 1010 salis
1079 969 1203 1009 acido
1234 969 1349 1011 facile
1385 972 1568 1014 solutum
1604 976 1706 1016 vidi.
1751 979 1838 1021 Re-

361 1031 524 1085 liquum
556 1031 748 1075 coffione
783 1031 826 1071 in
862 1044 970 1086 aqua
1006 1032 1220 1074 salinitatis
1257 1034 1407 1075 indicia
1441 1036 1579 1085 dedit,
1617 1040 1728 1079 vnde
1763 1040 1835 1080 de-

360 1107 447 1136 nuo
484 1098 640 1138 maiore
676 1098 910 1148 quantitate
947 1109 1079 1151 aquae
1128 1097 1323 1151 extraxi3
1375 1110 1459 1152 quo
1505 1113 1634 1155 grana
1677 1103 1834 1144 duode-

360 1160 446 1202 cim
479 1160 612 1202 soluta
645 1160 751 1208 sunt,

796 1283 1282 1365 Experimentum
1329 1304 1404 1344 12.

550 1370 679 1427 Aqua
730 1371 936 1417 solutione
1003 1375 1167 1416 imbuta
1220 1374 1305 1415 leni
1357 1373 1657 1429 euaporatione
1707 1377 1835 1431 magis

364 1435 577 1491 magisque
611 1439 725 1480 acida
759 1438 910 1491 euafir;
961 1438 1103 1480 oleum
1156 1438 1319 1480 vitrioli
1374 1439 1680 1493 aliquantulum
1734 1443 1838 1482 sele-

364 1503 465 1543 nitis
501 1501 598 1542 inde
634 1501 938 1556 praecipitauit.
1006 1503 1075 1545 Ad
1110 1502 1334 1544 ficcitatem
1388 1504 1580 1545 coactum
1634 1505 1836 1546 sedimen-

364 1573 457 1605 tum
490 1577 616 1618 grana
650 1565 877 1606 duodecim
913 1568 1102 1619 pondere
1140 1569 1338 1621 aequauit
1373 1579 1415 1609 et
1451 1559 1710 1608 fimillimum
1755 1568 1836 1610 fuit

361 1628 449 1675 illi,
503 1629 616 1682 quod
666 1629 984 1685 Experimento
1033 1630 1198 1672 decimo
1237 1643 1258 1672 e
1292 1632 1417 1674 cruda
1449 1629 1614 1673 Calculi
1657 1632 1834 1675 materIa

364 1692 544 1736 obtinui.

792 1817 1273 1899 Experimentum
1318 1839 1392 1892 13.

556 1901 798 1960 Suspicione
848 1909 958 1949 acidi
1018 1909 1272 1963 phosphorei
1330 1911 1374 1950 in
1437 1906 1566 1950 salino
1629 1907 1839 1962 principio

372 1967 783 2023 Experimentorum
835 1973 988 2014 decimi
1027 1984 1067 2014 et
1101 1973 1340 2016 duodecimi
1391 1972 1559 2014 latentis
1612 1974 1838 2021 excitatus,

371 2046 546 2075 omnem
583 2035 799 2076 collectam
827 2039 1123 2089 quantitatem,
1157 2051 1263 2092 quae
1290 2049 1416 2090 grana
1448 2038 1683 2091 oecuaginta
1715 2034 1839 2086 quin·-

372 2110 454 2150 que
499 2099 716 2151 aequauit,
769 2101 978 2142 immiscui
1024 2102 1185 2145 duobus
1237 2101 1447 2142 drachmis
1482 2101 1660 2155 pulueris
1695 2097 1838 2138 carbo-

374 2172 504 2210 num,
541 2164 665 2219 idque
701 2165 745 2207 in
782 2175 938 2210 retorta
971 2167 1125 2220 vitrea,
1161 2167 1372 2210 crucibulo
1405 2177 1522 2206 arena
1564 2161 1728 2217 repleto
1761 2164 1843 2265 ign-

1704 2238 1761 2281 PO
1798 2236 1838 2265 [a
