1972 2688
570 130 683 181 »ἓξὲξ
744 126 760 185 )
798 142 877 175 221
917 127 934 187 (
994 130 1109 181 &jc->gu

119 254 268 286 encore
315 254 395 284 une
446 242 676 294 quatrieme
728 241 864 291 sorte,
912 242 1015 284 celle
1061 243 1162 284 dans
1214 242 1267 286 les
1303 244 1459 297 quelles
1500 248 1558 290 ies

117 318 310 355 metam,
362 308 513 348 reduits
564 306 656 345 auffi
693 320 716 345 a
750 304 864 346 l’e-tat
913 308 1138 355 deterre,
1203 307 1380 351 seroient
1434 322 1562 349 nean·

115 373 253 410 moins
286 371 496 412 combines
532 382 631 410 avec
667 369 705 409 le
743 370 905 419 (o-ufre3
940 383 1007 411 car
1042 371 1072 411 il
1105 371 1159 411 est
1196 370 1275 418 sur,
1306 385 1384 424 que
1407 370 1446 414 le
1474 374 1565 415 sou-

114 434 175 475 fre
211 434 248 475 se
282 434 476 476 combine
511 446 608 474 avec
640 433 842 473 cei-taines
877 434 1016 474 chaux
1050 433 1334 488 Metattiques.

298 550 366 592 Vt
414 562 516 590 vero
570 549 748 602 denique
794 550 906 604 supra
948 550 1129 604 allegatis
1166 553 1267 592 meis
1303 553 1354 593 ad
1387 553 1563 596 demon.-

114 616 354 657 strationem
393 613 630 666 sulphureae
662 613 853 654 Arsenici
888 624 1057 654 naturae
1092 617 1370 666 argumentis,
1430 622 1563 658 maius

113 680 258 718 addam
300 676 459 730 pondus
493 686 610 727 atque
647 676 861 724 valorem,
913 677 1080 729 propria
1114 689 1196 716 non
1236 677 1344 718 nulla
1383 682 1431 720 ad
1463 692 1560 720 con-

111 740 357 783 firmandam
393 741 455 780 rei
492 740 712 780 veritatem
749 740 949 779 adducere
983 738 1101 780 lubet
1135 739 1452 795 Experimenta.

306 855 480 897 Analifis
526 854 713 896 chemica
754 853 937 896 Arsenici
969 867 989 896 a
1027 852 1216 907 plurimis
1264 853 1524 897 Authoribus
1549 885 1561 905 ‚

113 919 385 973 plurimisque
432 919 565 960 modis
611 919 686 959 fuit
722 927 902 965 tentata,
954 928 1104 956 verum
1140 918 1295 968 exiguo
1331 919 1561 961 admodum

114 996 208 1028 cum
248 985 432 1030 suncessth
468 991 508 1023 et
543 981 786 1022 Arsenicum
822 981 863 1019 in
900 979 1095 1020 omnibus
1128 981 1424 1034 experimentis
1459 983 1565 1024 sem-

112 1059 186 1100 per
221 1048 256 1086 se
293 1046 402 1090 idem
439 1047 515 1086 effe
548 1044 834 1085 manifest-anit.
899 1042 1021 1083 Adeo
1056 1054 1167 1083 certe
1199 1045 1374 1096 simplex
1397 1046 1561 1089 videtur

113 1110 190 1154 effe
227 1121 389 1161 corpus,
422 1117 470 1147 vt
489 1109 563 1149 vix
584 1107 717 1147 vllum
753 1105 834 1147 fere
866 1107 1039 1159 reperiri
1076 1108 1203 1160 potest
1242 1108 1441 1155 medium,
1475 1121 1560 1159 quo

113 1173 157 1212 in
204 1173 410 1212 mixtione
452 1170 520 1209 sua
563 1169 715 1211 turbari
757 1183 806 1210 ac
839 1168 1087 1222 decomponi
1123 1180 1258 1222 queat.
1347 1170 1440 1222 Ego
1472 1172 1561 1225 post

115 1235 250 1277 inania
286 1233 558 1286 plurimorum
591 1231 833 1272 Authorum
870 1233 979 1273 hunc
1015 1234 1057 1273 in
1093 1232 1235 1274 finem⁴
1258 1234 1435 1275 instituta
1471 1244 1561 1275 ten-

117 1298 286 1346 tamina,
319 1295 546 1337 arsenicum
580 1308 672 1336 cum
706 1294 976 1337 diuerfiffimis
1011 1296 1181 1337 traciam
1217 1297 1468 1348 substmtiis3
1505 1300 1564 1339 fa-

114 1361 190 1401 teri
227 1370 365 1399 tamen
399 1360 549 1406 debeo,
606 1361 681 1399 vix
713 1358 938 1411 quidquam
973 1358 1087 1400 solidi
1121 1373 1167 1400 ac
1201 1362 1305 1400 certi
1341 1373 1395 1400 ex
1432 1363 1562 1403 anali-

115 1426 206 1463 ticis
243 1424 342 1464 meis
378 1422 676 1474 experimentis
712 1422 911 1463 dediciffe.
979 1420 1191 1475 Singul.1re
1227 1424 1317 1462 saue
1355 1424 1449 1465 illut
1489 1425 1556 1474 est,

113 1485 251 1537 quod,
295 1485 323 1526 fi
356 1487 457 1526 duae
490 1496 625 1538 partes
663 1484 850 1526 Arseuici
886 1498 979 1526 cum
1015 1485 1143 1527 tribus
1176 1486 1357 1540 partibus
1393 1487 1560 1529 Alumi-

111 1548 174 1591 nis
207 1548 323 1588 crudi
361 1549 542 1597 mixtae,
585 1548 840 1590 destillationi
887 1547 1186 1597 subiiciantur,
1243 1550 1382 1603 prodit
1416 1552 1557 1604 primo

110 1610 304 1664 phlegma
339 1610 418 1650 fine
443 1611 604 1664 Liquor
630 1611 848 1653 fortiffimo
872 1612 1000 1652 odore
1024 1611 1244 1666 Sulphurei
1273 1614 1432 1666 spiritus
1457 1628 1558 1666 gau·

111 1676 236 1723 deus3
271 1674 511 1716 sublimatur
549 1675 641 1716 dein
681 1674 923 1717 Arsenicum
954 1677 1102 1728 partim
1135 1676 1366 1727 cristilliua,
1403 1679 1554 1730 partim

111 1737 339 1778 calciformi
370 1737 515 1788 specie,
543 1748 584 1778 et
613 1739 653 1778 in
681 1739 808 1779 fundo
830 1749 1003 1780 retortae
1024 1749 1208 1780 remanet
1230 1751 1337 1778 terra
1358 1739 1557 1779 tlumina-

113 1800 166 1838 ris
194 1799 311 1846 sicca,
344 1800 464 1840 instar
499 1802 674 1851 pumicis
712 1805 881 1853 porosa‚
915 1801 1056 1843 colore
1087 1803 1232 1859 griseo
1265 1801 1557 1854 Phlogisticam

113 1862 329 1901 mateiiam
383 1859 574 1901 Arsenici
625 1864 963 1914 experimentum
1015 1864 1095 1904 hoe
1140 1864 1247 1903 clare
1279 1864 1558 1917 demonstr-m

115 1933 255 1964 tamen
291 1922 427 1974 postea
462 1921 725 1964 sublimatum
762 1925 1001 1966 Arsenicum
1036 1938 1222 1966 remanet
1257 1928 1299 1966 in
1321 1929 1385 1967 sua
1411 1939 1554 1971 natura

113 1986 287 2026 minime
334 1995 548 2026 mutatum.
614 1985 844 2028 Vitriolum
882 1988 1011 2028 viride
1046 1989 1166 2030 simili
1201 1992 1328 2030 modo
1362 2004 1455 2031 cum
1491 2005 1556 2031 ar-

114 2048 247 2090 senico
282 2049 502 2091 tractatum
538 2050 713 2091 evndem
748 2050 941 2105 producit
975 2050 1181 2104 effectum,
1210 2064 1403 2107 excepto,
1439 2056 1552 2107 quod

822 2114 860 2156 E
882 2127 903 2155 e
943 2126 966 2164 3
1457 2132 1559 2174 pau-
