1972 2688
829 243 944 301 ’ἐξ
1008 243 1024 302 )
1062 254 1157 300 2¹74
1191 243 1206 303 (
1242 248 1357 300 ἓῖεέο·

356 365 493 408 decim
548 361 775 414 magnesiae
829 361 1074 403 vitriol'atae
1104 361 1330 417 deposuit,
1399 359 1643 416 Magnesiae
1696 364 1837 421 purae*-

356 431 516 485 pondns
552 428 594 466 in
628 426 694 467 his
729 425 846 470 libris
883 425 1189 481 septendecim,
1227 427 1351 468 libras
1390 436 1473 467 tres
1510 440 1606 472 cum
1652 429 1828 472 dimidia

356 494 520 536 circiter
554 500 715 544 aequat.

545 632 576 682 ς.
611 640 688 684 48.
755 631 976 674 Refiduum
1015 645 1099 675 non
1135 634 1327 684 solubile,
1381 637 1579 691 ponderis
1632 636 1831 680 librarum

358 696 667 753 septendecim,
712 695 865 736 coloris
904 698 1097 750 spadicei‚
1134 700 1377 742 calcinando
1414 701 1664 758 rufescebat,
1712 716 1831 756 mag-

360 762 447 803 neti
499 761 596 801 hinc
648 760 742 800 inde
775 758 1017 819 obediebat,
1069 765 1109 802 et
1144 766 1238 816 igne
1283 766 1521 818 expofitum
1575 767 1698 808 libras
1748 768 1833 807 duo

361 838 458 867 cum
494 824 668 866 dimidia
720 820 956 865 amittebat.
1025 822 1137 867 Cum
1181 829 1302 869 acido
1340 830 1498 872 vitrioli
1535 830 1636 872 dum
1673 831 1835 884 digere-

363 889 509 937 batur,
548 888 673 930 librae
709 890 901 941 quinque
931 889 1222 939 sumebantur,
1268 905 1373 945 quae
1408 896 1549 937 addito
1586 894 1721 936 alcali‘
1752 905 1835 936 tar-

364 954 445 995 tari
489 955 537 994 ad
590 953 822 994 satietatem
877 965 1038 1005 Vsque,
1091 956 1471 1007 praecipitabantur
1508 970 1549 999 et
1584 959 1833 1012 argillaceae

363 1019 518 1060 indolis
555 1028 695 1066 crant,
750 1017 902 1057 coloris
952 1017 1045 1059 albi.
1113 1013 1336 1059 Refiduum
1385 1022 1599 1064 solutionis
1637 1024 1678 1062 in
1715 1022 1835 1065 acido

365 1083 550 1129 vitrioli,
587 1095 681 1122 cum
721 1082 844 1135 tripla
880 1082 1075 1135 portione
1110 1081 1226 1122 alcali
1276 1085 1416 1125 tartari
1467 1086 1625 1135 susum,
1674 1089 1835 1129 vitrum

366 1147 551 1190 filiccum
590 1146 875 1198 deliquescens
909 1146 1047 1201 dedit.¹
1105 1146 1152 1188 In
1187 1146 1437 1189 centenario
1477 1150 1604 1203 igitur
1652 1141 1838 1202 marmo-

367 1213 422 1254 ris
460 1211 575 1251 crudi
610 1211 770 1266 pondus
807 1222 941 1252 terrae
976 1211 1186 1253 calcareae'
1221 1212 1340 1253 acido
1391 1218 1514 1257 ae‘reo
1549 1223 1590 1254 et
1623 1207 1840 1268 phlegma-

370 1289 408 1319 te
444 1275 613 1316 onustae
665 1275 790 1316 libras
845 1276 1057 1329 sexaginta
1094 1279 1278 1329 quinque
1313 1291 1411 1321 cum
1460 1279 1658 1333 dimidia,
1709 1290 1839 1333 purae

369 1351 508 1384 autem
544 1339 667 1382 libras
707 1339 981 1395 quadraginta
1018 1350 1100 1382 tres
1137 1340 1281 1383 efficit.

559 1489 594 1538 §.
630 1504 705 1542 49.
772 1489 837 1532 Vt
865 1504 921 1533 ,eo
958 1492 1102 1534 melius
1134 1502 1227 1534 ante
1264 1492 1404 1535 oculos
1455 1500 1664 1548 ponantur
1696 1503 1737 1535 et
1777 1494 1846 1534 in·

372 1564 433 1595 ter
470 1554 507 1593 se
544 1565 841 1608 comparentur
875 1568 1014 1608 partes
1065 1558 1358 1599 constitutiuae
1392 1569 1431 1598 et
1465 1559 1636 1599 durities
1683 1556 1842 1603 diuersa

374 1631 637 1659 marmorum
692 1621 1054 1669 examinatorum,
1110 1621 1290 1661 tabulam
1344 1623 1525 1663 exhibeo
1571 1624 1841 1674 sequentem,

373 1695 479 1736 quae
531 1683 734 1736 producta
786 1684 1043 1736 singulorum
1097 1685 1263 1725 indicat.
1341 1685 1545 1727 Ponderis
1598 1686 1846 1726 decremen-

375 1758 492 1794 tum,
547 1746 616 1787 sub
651 1747 926 1790 calcinatione
967 1747 1149 1801 aequali,
1206 1749 1302 1800 igne
1353 1760 1526 1802 aperto,
1576 1749 1842 1792 obseruatum

376 1812 444 1852 cui
481 1811 642 1864 integra
678 1812 840 1855 frustula
870 1801 1140 1854 marmorum
1191 1813 1532 1867 exponebantur,
1585 1814 1722 1866 quoad
1759 1823 1849 1856 ma*

377 1876 540 1918 ximam
575 1888 733 1930 partem
769 1878 856 1922 a‘e‘rj
891 1877 982 1919 fixo
1015 1882 1254 1931 cuapor'anti
1276 1878 1557 1920 tribuendum
1594 1880 1661 1919 est.
1716 1877 1847 1932 Quod

378 1950 521 1981 autem
575 1953 713 1992 partes
768 1955 938 1995 quoque
993 1946 1171 1995 aquosae
1207 1943 1488 1984 marmoribus
1526 1941 1635 1983 hisce
1681 1942 1843 1988 insunt,

378 2004 650 2046 destillatione
703 2008 927 2047 marmoris
977 2005 1027 2048 G.
1064 2009 1097 2056 ξ.
1131 2010 1202 2049 26.
1251 2004 1306 2048 Ο.
1352 2009 1386 2058 §.
1420 2011 1496 2058 46.
1546 2007 1727 2047 euictum
1775 2004 1845 2044 est.

379 2067 489 2108 Fieri
539 2079 678 2111 tamen
722 2071 879 2124 potest,
931 2082 976 2111 vt
1012 2072 1239 2113 nonnullae
1275 2074 1399 2113 etiam
1435 2081 1572 2126 partes
1604 2069 1714 2108 fixae
1749 2068 1847 2120 igne

382 2143 549 2185 ereptae
584 2134 770 2186 fuerint3
821 2137 997 2189 proprio
1032 2137 1143 2177 enim
1179 2146 1379 2190 apparatu
1427 2136 1591 2186 copiam
1628 2132 1734 2173 aeris
1769 2131 1848 2173 fixi

384 2206 424 2235 et
459 2209 587 2249 aquae
624 2200 686 2239 his
724 2202 1002 2242 marmoribus
1056 2201 1309 2242 inhaerentis
1344 2205 1528 2240 accurate
1574 2198 1844 2243 examinare,

385 2271 533 2300 mcum
566 2263 826 2316 propositum
862 2265 939 2307 hac
975 2265 1070 2307 vice
1107 2276 1192 2304 non
1229 2272 1338 2311 erat,
1381 2261 1424 2301 in
1460 2260 1500 2300 id
1535 2272 1676 2313 potius
1708 2261 1851 2300 inten-

1768 2330 1850 2372 tus,
