1972 2688
864 159 973 204 42³.ss
1037 159 1053 207 )
1091 164 1178 203 238
1217 163 1230 211 (
1300 155 1410 202 &93st

398 272 557 316 boracis
606 267 759 319 fimilis,
810 263 938 321 dedit,
989 267 1058 323 qui
1109 280 1215 324 aqua
1258 265 1295 308 se
1331 265 1439 309 ablui
1491 267 1636 311 fineret
1677 279 1718 312 et
1759 271 1871 314 libris

397 348 573 394 quatuor
605 345 700 374 cum
733 328 897 371 dimidia
930 331 1214 388 aequiualeret.
1280 331 1438 389 Liquor
1477 329 1674 387 superstes
1706 335 1869 393 crystal-

396 400 460 443 los
495 397 644 451 nullas,
680 392 744 435 sed
776 409 942 451 magma
976 394 1249 454 deliquescens
1285 395 1404 438 dedit.
1469 395 1567 439 Hoc
1600 412 1707 455 aqua
1740 397 1871 441 destil-

395 464 474 507 lata
523 460 698 502 solutum
732 470 772 501 et
806 458 922 501 alcali
957 459 1117 504 Tartari
1154 461 1282 518 probe
1317 460 1553 517 saturatum,
1604 473 1756 504 terram
1800 461 1871 504 de-

394 526 544 586 posuit,
594 524 759 581 praeuia
793 522 1096 567 edulcoratione
1133 524 1324 582 ponderis
1360 525 1484 567 librae
1560 526 1785 569 Refiduum
1825 525 1872 568 li-

394 592 534 649 quoris
570 603 654 630 non
687 588 758 628 nifi
792 587 906 629 alcali
942 589 1211 640 vitriolatum5
1262 601 1368 632 terra
1401 602 1540 638 autem
1572 590 1688 634 acido
1725 590 1875 634 vitrioli

394 655 521 698 soluta
554 652 718 696 alumen
748 653 947 709 praebuit.

847 758 1333 860 Experimentu'm·
1377 781 1435 841 6.

583 880 622 937 §.
655 895 716 923 10.
784 880 921 923 Salem
943 883 1229 936 flocculentum
1264 890 1443 939 argentei
1474 886 1619 928 coloris
1654 883 1788 942 (Exp.
1813 884 1876 941 5.)

395 960 452 988 ex
487 947 680 988 omnibus
714 946 989 988 marmoribus
1024 949 1290 1003 examinatis,
1339 948 1475 1002 elicui,
1528 963 1654 1005 quare
1689 964 1712 992 e
1744 949 1872 992 variis

393 1009 455 1053 his
487 1009 693 1067 lapidibus
726 1008 944 1053 colle&um
975 1024 1063 1053 vno
1094 1010 1177 1053 ἰὲὶυ.
1209 1014 1421 1055 tentamini
1454 1011 1654 1072 expol'uiz.

460 1122 497 1148 α.
533 1105 654 1163 sapor
688 1107 775 1148 eius
811 1120 1019 1149 cretaceus
1055 1121 1161 1164 erat,

459 1194 494 1235 h.
530 1191 582 1234 ad
615 1190 855 1234 solutionem
890 1193 1141 1251 completam
1174 1206 1214 1236 et
1246 1193 1461 1238 saturatam
1510 1192 1653 1250 viginti
1690 1193 1869 1249 quinque

581 1268 718 1314 partes
751 1270 881 1313 aquae
914 1260 1240 1316 requirebantur„

458 1357 490 1384 c.
541 1338 684 1446 sollu?
735 1354 957 1400 euaporata
1015 1344 1251 1401 chrystallos
1302 1342 1536 1401 squamosas,
1582 1353 1622 1386 et
1679 1338 1871 1401 granosas

610 1419 632 1446 e
661 1416 713 1462 ιτ,

457 1488 495 1530 d.
527 1486 622 1529 1000
653 1488 783 1531 calido
818 1506 901 1532 non
938 1491 1156 1549 fatiscebat,

461 1576 491 1605 e.
527 1579 602 1604 nec
636 1564 808 1606 alcoholi
843 1568 925 1608 vini
978 1567 1181 1625 superfuso
1217 1579 1257 1611 et
1300 1566 1466 1611 accenso
1521 1564 1729 1609 flammam
1765 1561 1870 1605 alius

582 1628 753 1684 coloris,
787 1644 913 1686 quam
946 1646 1052 1687 quae
1087 1632 1179 1675 huie
1213 1635 1427 1691 competit,
1463 1632 1609 1673 tribuit.

446 1709 483 1764 f.
518 1705 708 1748 flammae
743 1707 841 1748 tubo
875 1706 1203 1751 ferruminatorio
1238 1707 1502 1750 condensatae
1537 1705 1742 1764 expolitus
1777 1702 1867 1760 pul-

581 1784 725 1812 verem
755 1769 895 1812 album
928 1770 1171 1828 largiebatur
1205 1785 1245 1816 et
1279 1774 1445 1817 carboni
1486 1773 1612 1829 ignito
1657 1768 1868 1825 impolitus

581 1833 753 1876 odorem
788 1833 1048 1892 sulphureum
1082 1836 1308 1895 spargebat,

457 1940 497 1982 g.
530 1927 675 1972 solutio
705 1930 829 1974 acidis
866 1931 973 1974 haud
1008 1935 1168 1977 turbata
1199 1934 1307 1991 fuit,

458 2024 499 2069 h..
530 2024 726 2070 solutione
760 2028 874 2070 alcali
923 2033 1058 2074 tartari
1107 2032 1347 2078 laciescebat
1381 2047 1423 2078 et
1456 2032 1525 2076 sub
1559 2033 1694 2089 quiete
1724 2041 1866 2070 veram

581 2104 732 2136 terram
767 2092 991 2136 calcaream
1025 2097 1327 2157 praecipitabat.
1388 2099 1501 2154 Ergo
1522 2098 1710 2139 selenites
1747 2104 1843 2135 erat.

1718 2255 1864 2313 Expe-
