1972 2688
577 151 690 202 ”5:5ss
754 147 769 203 )
807 159 890 200 271
929 146 944 204 (
1008 147 1120 199 ἔξω

118 276 236 308 mann
272 264 396 306 librae
430 261 609 316 quinque
641 261 804 302 circiter
841 260 1067 313 magnesiae
1102 258 1394 312 continentur;
1447 262 1558 307 ideo.

124 341 204 379 que
252 338 384 370 terrae
421 327 656 379 argillaceae
688 325 849 379 pondus
885 326 1050 367 circiter
1085 325 1211 365 trium
1247 323 1452 366 librarum
1487 330 1560 380 tri-5

128 390 335 433 buendum
378 390 468 432 crit.
1037 407 1039 409 ·

307 517 339 565 §.
377 528 451 565 41.
519 514 738 555 Refiduum
771 514 812 553 in
847 512 963 555 acido
991 511 1078 553 salis
1101 512 1209 554 haud
1230 512 1398 554 solubile
1420 513 1472 568 (ξ.
1498 529 1567 557 an·

123 577 278 630 teced.)
326 578 444 618 libras
491 578 659 628 triginta
701 578 797 618 oc'ro
843 577 1044 630 pendebat
1077 586 1118 616 et
1152 578 1231 617 albi
1268 576 1419 616 coloris
1456 588 1563 621 erat.

122 640 246 681 Tubo
279 641 617 682 ferruminatorio
651 641 883 694 expositum
920 640 1059 680 album
1099 638 1287 678 colorem
1324 651 1407 678 non
1431 652 1567 682 muta-

122 703 189 743 bat
225 712 264 744 et
297 703 442 744 leuiter
478 713 639 745 tantum
685 701 1086 755 conglomerabatu1·.
1154 700 1274 741 Parte
1310 704 1468 744 anatica
1493 705 1569 744 bo-

122 767 221 806 racis
255 767 403 815 fusum,
424 767 579 807 vitrum
617 778 794 822 opacum
829 764 954 804 dedit.
1021 762 1169 803 Librae
1204 765 1348 805 decem
1381 767 1566 806 eiusdem

119 829 264 869 residui
317 829 428 870 libris
481 831 744 883 quadraginta
794 827 910 868 aleali
959 827 1092 866 tartari
1129 826 1237 868 fusae
1272 828 1427 869 vitrum
1465 830 1566 870 deli-

120 904 314 944 quescens
349 893 634 945 porrigebant,
668 893 805 942 relicta
839 890 1033 942 portione
1070 898 1207 931 terrea
1243 903 1326 932 non
1362 892 1564 945 deliques-

122 965 256 995 cente‚
324 955 358 994 E
391 955 552 1006 liquore
596 956 722 996 librae
764 957 846 996 duo
880 952 1176 1004 separabantur.
1247 954 1428 996 Acidutn
1467 956 1565 996 nitri

122 1031 144 1058 e
179 1019 317 1058 decem
354 1017 480 1067 libris,
514 1028 595 1058 tres
630 1019 752 1058 libras
790 1015 984 1056 soluebat.
1050 1014 1158 1057 Aliis
1194 1018 1338 1058 decem
1375 1032 1480 1071 aqua
1501 1032 1567 1059 re·-

119 1081 182 1133 gis
233 1080 353 1120 libras
405 1083 486 1120 duo
528 1093 620 1120 cum
659 1080 828 1121 dimidia
860 1079 1071 1132 eripiebat.
1140 1077 1402 1133 Compositio
1441 1083 1564 1134 igitur

121 1143 244 1183 huius
287 1142 474 1180 Sehoerli
518 1153 558 1182 et
594 1144 789 1184 materiae
824 1142 1000 1182 radiatae
1033 1142 1080 1182 ab
1115 1143 1186 1184 illa
1220 1157 1365 1197 parum
1401 1144 1566 1185 differe-

121 1204 204 1253 bar,
239 1215 360 1254 quam
385 1204 425 1243 in
462 1218 671 1247 marmore
708 1208 747 1247 L.
773 1206 805 1253 §.
831 1218 904 1254 34.
940 1205 1176 1259 obseruaui3
1210 1208 1368 1248 maiore
1402 1218 1564 1250 tantum

121 1276 252 1307 terrae
285 1267 438 1308 filiceae
470 1269 735 1323 ingredientis
769 1269 890 1322 copia
924 1268 962 1308 se
994 1268 1280 1323 distinguebat.

306 1391 495 1436 Schoerli
531 1393 657 1435 librae
691 1393 902 1445 quinque,
957 1404 1173 1447 quousque
1208 1394 1298 1436 fieri
1333 1398 1470 1450 potuit
1502 1409 1569 1438 ac-

123 1461 264 1494 curate
299 1456 498 1508 separati,
532 1457 645 1498 libris
683 1458 753 1496 sex
786 1457 947 1496 borneis
981 1455 1116 1505 fusae,
1154 1459 1310 1500 vitrum
1347 1460 1566 1511 hyalinum

125 1516 285 1565 viride3
334 1518 460 1559 librae
512 1522 696 1573 quinque
732 1521 943 1560 radiorum
996 1518 1336 1563 asbestiformium
1388 1533 1568 1572 eontra,

120 1578 237 1619 libris
265 1580 336 1623 sex
358 1581 514 1624 boracis
534 1584 642 1625 fusae
666 1585 819 1625 vitrum
840 1595 1015 1636 opacum
1037 1584 1272 1637 nigrescens
1303 1587 1517 1628 dederunt.

433 1704 497 1755 N.
533 1708 743 1754 Marmor
774 1703 957 1754 flauum
992 1719 1054 1752 ex
1084 1703 1228 1752 Italia.

302 1805 337 1849 ξ.
373 1818 446 1853 42.
521 1804 586 1844 Vt
623 1817 827 1844 marmora
865 1803 1020 1843 Roffiae
1057 1804 1240 1852 indigena
1274 1811 1368 1840 cum
1409 1800 1565 1840 exteris

121 1877 421 1918 compararem,
455 1866 575 1919 supra
606 1867 882 1913 nominatum,
918 1866 1161 1915 Petroburgi
1190 1864 1426 1916 frequenter
1448 1864 1564 1903 vsur-

120 1938 260 1982 patum
296 1930 542 1970 examinaui.
608 1928 799 1968 Textura
832 1928 913 1971 fere
942 1928 1157 1981 compasta
1194 1926 1258 1966 vel
1295 1926 1565 1980 impalpabili,

118 1993 285 2043 iaspidis
318 1992 454 2042 instar,
488 1992 651 2044 gaudet,
688 1991 891 2043 politurae
926 1992 1150 2032 admodum
1190 2003 1318 2042 capax
1352 1991 1420 2038 est,
1464 1989 1563 2029 cha·

119 2053 213 2104 lybe
261 2055 492 2110 percussum
545 2067 628 2096 non
677 2054 893 2107 scintillat,
940 2068 1035 2097 cum
1081 2055 1205 2097 acidis
1242 2055 1401 2096 strenue
1438 2052 1558 2094 effer-

120 2117 256 2159 nescit.

1417 2179 1451 2228 §.
1490 2191 1564 2230 43·
