1972 2688
586 42 696 91 a&
761 36 956 95 >277(
1016 37 1129 90 &222⁴-

303 152 339 200 ξ,
382 163 452 202 51.
519 151 738 194 Marmora
771 153 912 194 omnia
946 153 988 193 in
1024 151 1356 194 antecedentibus
1406 154 1571 195 exami-

114 222 237 266 nata,
285 228 387 269 quae
431 216 603 268 chalybe
639 230 712 271 per
746 220 852 258 cuffa
885 215 1134 271 scintillant,
1187 225 1339 256 terram
1393 217 1566 259 siliceam

116 282 360 332 continent;
405 279 506 320 haec
540 292 641 322 vero
677 293 762 321 non
795 283 952 334 semper
986 281 1095 321 causa
1129 278 1251 320 huius
1286 280 1568 333 plioenomeni

116 345 197 395 est,
232 344 302 384 vbi
336 356 458 398 parca
493 345 616 386 nimis
651 347 772 397 copia
806 345 1055 386 mixtionem
1088 343 1332 396 ingreditur.
1386 342 1434 383 In
1460 353 1569 382 mar-

115 406 302 448 moribus
357 405 420 457 C,
455 407 489 448 E
525 418 567 449 et
604 409 658 450 Κ.
693 408 898 448 sexdecim
937 410 983 449 ad
1017 407 1248 448 octodecim
1303 415 1437 461 partes
1472 417 1570 445 cen-

116 472 279 512 tefimae
316 482 445 512 terrae
481 471 637 512 filiceae
672 472 964 522 inueniuntur;
1018 483 1204 511 marmor
1239 469 1282 515 F.
1314 479 1447 511 autern
1484 481 1569 510 non

114 534 222 574 vltra
257 534 549 587 sesquipartem
586 545 626 575 et
656 534 687 573 I.
725 536 888 575 vnicam
926 544 1086 587 partem
1120 536 1162 574 in
1197 535 1433 574 centenario
1469 544 1571 573 con-

117 599 231 639 tinet.
295 598 344 638 ln
376 598 439 638 his
473 598 599 650 igitur
634 598 739 638 binis
777 598 955 639 vberiori
1007 597 1150 648 copiae
1186 597 1286 637 ferri
1334 596 1566 648 ingredien-

114 661 165 700 tis
200 662 362 713 potius,
400 674 520 713 quam
559 672 687 702 terrae
722 662 899 710 filiceae,
947 660 1139 706 durities,
1191 657 1375 699 scintillis
1409 672 1567 712 prouo-

115 723 254 763 candis
291 726 526 773 necessaria‚
582 724 750 765 adscribi
788 724 923 763 debet.
998 721 1196 761 Marmor
1247 723 1317 764 sub
1358 722 1477 763 litera
1513 719 1564 762 G.

113 787 382 839 descriptum,
418 798 524 828 terra
560 789 689 828 silicea
723 786 891 838 quidem
926 784 1130 834 abundat3
1165 786 1272 825 mica
1307 795 1449 827 autem
1484 786 1566 826 im·

113 849 247 892 mixta
282 851 481 905 impedit,
514 861 561 892 vt
593 849 762 901 chalybe
794 849 1029 902 percussum
1064 847 1273 894 scintillet,

296 993 329 1042 ξ.
367 1003 435 1041 52.
501 992 539 1033 E
573 992 687 1033 nullo
720 1003 979 1032 marmorum
1013 1001 1190 1042 genere,
1231 999 1442 1045 quotquot
1466 1002 1565 1032 exa·

109 1056 292 1104 minaui,
330 1057 529 1109 principia
568 1055 662 1094 elici
699 1064 944 1107 potuerunt,
980 1066 1085 1106 quae
1113 1056 1272 1096 mediae
1297 1055 1405 1106 quasi
1442 1065 1561 1095 natu-

113 1133 181 1159 rae
217 1121 323 1158 inter
359 1129 509 1157 terram
555 1118 774 1157 calcaream
812 1128 853 1156 et
889 1118 1066 1157 filiceam
1118 1119 1367 1170 gauderent,
1420 1118 1484 1158 vei
1518 1118 1561 1157 in

113 1182 358 1233 transgressu
390 1191 430 1219 er
465 1182 808 1221 transmutatione
836 1182 953 1220 vnius
987 1183 1028 1221 in
1063 1181 1229 1221 alteram
1256 1182 1473 1222 constituta
1497 1193 1562 1221 es-

113 1245 212 1283 sent.
275 1240 428 1283 Omnia
461 1255 503 1283 ac
539 1244 686 1295 singula
722 1245 858 1296 potius
893 1244 1073 1296 perfecte
1107 1246 1280 1295 separari
1318 1253 1558 1298 potuerunt.

111 1304 269 1346 Terrae
322 1318 404 1345 non
456 1306 633 1345 solubilis
687 1319 946 1347 marmorum
983 1308 1016 1347 L
1048 1317 1088 1347 et
1121 1307 1186 1358 N,
1237 1308 1559 1361 proprietatibus

113 1370 329 1410 nonnullis
364 1369 656 1409 communibus
689 1370 853 1422 quidem
905 1371 1110 1422 gaudent3
1167 1371 1366 1411 asbesteae
1418 1382 1559 1410 autem

111 1432 258 1473 indolis
293 1436 405 1479 sunt,
442 1433 480 1471 id
507 1433 561 1472 est
589 1444 693 1473 terra
718 1434 969 1484 deriuatiua‚
1004 1433 1317 1486 simplicioribus
1354 1433 1560 1486 composi-

114 1505 177 1542 ta,
211 1506 335 1548 prout
370 1495 519 1546 analyfi
552 1496 745 1537 omnibus
783 1497 965 1538 numeris
1002 1497 1181 1537 absoluta
1215 1498 1322 1536 clare
1358 1497 1561 1537 monstra-

112 1561 174 1599 vit
210 1555 418 1600 celeberr.
453 1562 678 1612 Bergmann
711 1560 752 1602 in
785 1560 938 1601 differt.
972 1561 1020 1601 de
1055 1561 1190 1601 Terra
1227 1560 1451 1600 Asbestina.

291 1694 325 1741 ξ.
362 1702 432 1741 53.
503 1690 725 1735 Corollarii
760 1694 855 1734 loco
891 1704 1109 1744 notamus,
1164 1708 1374 1737 marmora
1407 1696 1449 1735 in
1486 1709 1558 1737 an-

111 1755 392 1797 tecedentibus
427 1759 663 1799 examinata
696 1758 737 1799 in
774 1759 1009 1800 centenario
1044 1759 1276 1800 continere:

172 1861 321 1903 Terrae
346 1862 546 1902 calcareae
578 1869 724 1918 purae,
761 1865 877 1906 acido
911 1869 1033 1905 ae'reo
1066 1873 1224 1904 tantum
1260 1862 1397 1903 vnitae
1430 1861 1554 1903 libras

292 1925 365 1964 vel
416 1934 551 1979 partes
603 1928 773 1981 triginta
815 1929 910 1969 oc'to
946 1940 1072 1981 vsque
1107 1928 1156 1968 ad
1191 1928 1413 1981 nonaginta
1463 1924 1557 1978 sep-

298 1996 381 2029 tem
417 1989 486 2029 vel
519 1988 629 2031 osto.

821 2106 873 2148 M
884 2120 923 2148 m
964 2121 987 2158 3
1410 2107 1557 2150 Terrae
